2460 4560
512 306 744 352 —

112 350 163 422 9²
512 358 745 381 *·“““““”

192 477 296 552 Hanc
319 476 483 574 quidem,
510 493 550 550 ut
571 473 639 545 iam
661 499 710 546 ex
733 473 784 546 D.
805 473 939 564 Paulo‘,
966 503 1058 551 mem
1088 473 1092 485 ’
1137 474 1165 525 5

113 583 264 682 vimus,
280 594 416 691 experti
436 595 534 678 sunt,
558 610 593 664 et
613 591 670 664 alii
690 591 851 690 discipuli
872 593 944 665 diei
961 594 1066 670 maliti
1097 623 1116 679 ;

112 731 154 785 ut
179 710 407 788 nihilominus
436 728 553 788 essent
579 707 692 797 beati,
729 730 764 782 et
795 711 840 783 de
871 711 992 784 divina
1023 738 1063 809 pr
1096 724 1099 732 ’
1129 715 1169 767 l

115 828 235 902 dentia
254 827 383 914 securi,
411 827 456 901 ad
474 852 564 922 quos
584 825 744 908 Christus
767 825 804 898 in
825 826 953 900 eodem
975 831 1064 903 serm
1123 870 1159 889 κ

112 943 151 1018 in
181 964 305 1021 monte
338 944 434 1040 apud
466 943 599 1016 Lucam
625 940 664 1035 a)
700 943 844 1016 elevatis
879 944 993 1019 oculis
1028 948 1047 1041 (

113 1061 213 1160 apud
235 1060 454 1137 Matthaeum
477 1059 674 1156 singillatim
696 1063 880 1157 loquatur:
910 1072 1005 1136 Beati
1021 1091 1086 1155 pan
1114 1093 1118 1123 r

112 1207 160 1252 res
181 1187 321 1268 spirita:
348 1191 493 1270 quoniam
516 1190 651 1269 ipsoram
678 1199 722 1249 est
743 1206 867 1264 regnam
890 1190 1033 1256 calorum
1052 1183 1117 1253 etr.¹

115 1294 258 1369 dicebat
282 1290 344 1384 b):
388 1293 523 1382 „Beati
548 1320 745 1391 pauperes:
791 1294 874 1390 quia
900 1315 1057 1372 vestrum
1082 1322 1099 1368 e
1125 1319 1169 1370 Ξ

91 1416 93 1418 ’
114 1438 265 1508 regnum
292 1411 377 1488 Dei.
429 1410 547 1498 Beati,
570 1411 631 1507 qui
651 1438 746 1484 nunc
769 1411 922 1484 esuritis:
952 1412 1035 1509 quia
1052 1404 1169 1507 {aad}

114 1528 289 1608 rabimini,
351 1528 471 1616 Beati,
506 1527 568 1624 qui
590 1554 685 1601 nunc
711 1528 826 1602 fletis:
852 1529 949 1631 :quia
969 1512 1169 1623 ridebititin:

114 1646 217 1720 Beati
253 1645 345 1719 eritis
376 1672 457 1718 cum
489 1670 556 1719 vos
590 1645 731 1720 oderint
765 1644 952 1735 homines,
994 1667 1030 1719 et
1053 1671 1091 1718 cu

111 1762 349 1866 separaverint
370 1789 457 1850 vos,
496 1782 531 1836 et
557 1765 873 1859 exprobraverint,
908 1783 943 1836 et
970 1762 1111 1838 eiecerin

115 1909 248 1955 nomen
282 1901 438 1954 vestrum
475 1900 642 1977 tanquam
677 1884 808 1953 malum
843 1901 991 1978 propter
1025 1880 1124 1963 filiu¹

113 1998 312 2072 hominis.“
364 1997 455 2090 Quae
480 2000 561 2072 sunt
580 1999 657 2095 ipsa
680 2002 772 2074 mala
798 1998 952 2086 eisdem,
980 2024 1060 2072 curn
1086 2022 1103 2069 a

115 2114 380 2212 praedicandum
401 2115 638 2202 mitterentur,
662 2142 682 2186 a
703 2115 876 2212 proximis
895 2115 1002 2188 etiam
1019 2139 1100 2187 nece

113 2231 210 2312 rariis
238 2231 448 2329 perferenda
477 2231 647 2326 praedicta
670 2229 725 2320 c):
770 2241 886 2307 Tradet
910 2255 1015 2304 aurem
1029 2234 1138 2320 frater]

105 2361 243 2441 fratrem
262 2362 296 2418 in
320 2371 464 2435 mortem,
492 2370 523 2420 et
536 2371 632 2439 pater
651 2357 775 2434 filiam:
803 2370 833 2420 et
854 2361 1010 2434 insurgerit
1024 2357 1084 2435 filii
1099 2359 1126 2416 in

106 2487 275 2560 parentes,
302 2487 333 2537 at
354 2487 451 2537 morra
477 2493 527 2537 eos
549 2472 707 2554 afficient:
735 2477 874 2538 eteritis
903 2475 974 2536 odio
999 2474 1126 2536 omnibus

107 2607 239 2677 propter
272 2611 377 2660 nornen
405 2611 504 2654 meum
538 2605 593 2662 etc,
625 2584 690 2660 suo
721 2601 837 2656 autem
873 2586 1040 2681 exemplo
1071 2603 1123 2652 eos

112 2703 288 2786 animans,
319 2701 471 2786 Non‘est,
490 2700 622 2795 inquit,
644 2710 809 2790 discipulas
819 2707 917 2790 strper
934 2713 1125 2786 magistram:

112 2847 164 2898 nec
174 2826 288 2906 servas
301 2824 400 2906 strper
417 2816 577 2888 'dominum
590 2825 698 2904 suam.
749 2823 871 2904 Sufficit
902 2827 1071 2907 discipulo,
1095 2829 1124 2882 ut

105 2941 238 3024 fitstcat
254 2948 399 3019 magister
420 2947 503 3018 rias,
528 2943 682 3021 casterno,
700 2939 785 3019 ficut
810 2943 950 3025 dominat
975 2945 1050 3011 cias.
1097 2937 1124 2998 Si

105 3061 370 3145 patremfamilias
392 3060 555 3121 Beelzebub
575 3034 786 3136 uocauerant,
814 3071 931 3142 quanto
955 3062 1056 3136 magis
1082 3057 1125 3118 do·

111 3183 251 3246 masticat
281 3148 345 3239 rins
374 3190 441 3246 erc,
493 3167 585 3260 Quae
616 3194 704 3240 vero
739 3194 800 3239 eos
829 3167 900 3242 fata
930 3167 995 3238 suo
1032 3163 1125 3239 etiam
1167 3172 1169 3236 3

11 3301 34 3357 ‘a
113 3290 279 3382 exemplo
302 3303 507 3372 manerent,
544 3311 654 3381 porro
681 3284 865 3380 aperiens,
909 3293 1032 3373 Nolite,
1064 3280 1123 3365 ait,
1166 3295 1169 3303 '

111 3418 217 3497 rimare
248 3433 318 3490 cos,
353 3417 408 3495 qui
437 3413 579 3476 occidant
608 3432 738 3493 corpus,
774 3413 911 3479 animam
941 3421 1048 3471 antem
1074 3421 1127 3479 nun
1167 3447 1169 3468 .

102 3545 235 3613 possunt
255 3532 386 3594 occidere
399 3562 411 3605 ,-
427 3529 489 3607 sed
509 3533 616 3611 potiar
645 3533 750 3601 timete
767 3547 867 3610 eram,
894 3529 948 3610 qui
966 3537 1075 3607 potest
1101 3530 1127 3586 et

109 3652 266 3725 animam,
304 3660 333 3708 et
356 3667 464 3729 corpus
485 3649 612 3728 perdere·
640 3650 672 3706 in
697 3647 873 3722 gehennam.
942 3643 1048 3707 Nonne
1073 3643 1127 3703 dat

102 3782 244 3845 passeres
268 3776 490 3825 asseverarunt
515 3776 571 3834 etc.¹
600 3754 733 3848 eadem„
747 3745 1038 3850 comparatinne,
1064 3771 1128 3846 qua

23 3927 28 3936 ,
105 3873 208 3965 supra
234 3895 317 3940 usus
343 3870 540 3982 volatilium
569 3871 667 3957 coeli,
705 3897 749 3941 ex
776 3870 906 3966 quibus
935 3866 1126 3964 ingratius,

146 4022 177 4094 a)
200 3992 257 4078 Lai.
286 4020 334 4077 VI.
360 4037 403 4085 20·
503 4023 532 4096 b)
554 4023 653 4087 nstrata.
681 4020 714 4085 V.
740 4036 763 4080 r·
865 4022 896 4096 r)
919 4020 960 4082 lb.
985 4016 1022 4083 Χ.
1046 4037 1089 4086 ar.

24 4228 104 4264 h„
