2460 4560
159 350 228 419 190
547 314 779 348 “““““““

154 479 228 561 lcs,
255 473 441 560 sublimes,
467 471 566 543 docti
592 497 671 541 eam
698 498 737 543 se
761 471 895 545 vidisse
922 474 1125 563 dixerunt,
1144 495 1174 552 et

155 592 256 685 quod
280 592 467 675 viderunt,
500 589 681 659 diffamare
711 611 899 676 curarunt,
928 592 982 662 eis
1008 576 1168 668 munduui

155 708 347 780 credidisse
369 732 442 777 non
462 707 590 778 mirum
610 727 680 791 est3
702 706 763 776 [ed
784 707 873 778 istos
893 709 1023 782 adbuc
1041 713 1168 785 credere

154 829 253 899 nolle
274 824 466 921 perdurum
485 844 558 895 cst:
585 823 614 892 si
633 843 767 907 autem,
791 844 831 894 ut
846 850 977 896 verum
996 837 1072 914 e'st,
1095 854 1166 924 pau·

156 943 233 1028 cis,
258 940 444 1026 obscuris,
475 939 652 1024 minimis,
685 936 838 1010 indoctis
869 966 950 1011 eam
978 968 1021 1014 se
1049 945 1164 1016 vidisse

153 1057 352 1130 dicentibus
386 1078 423 1128 et
454 1056 684 1127 scribentibus
719 1056 870 1126 credidit
896 1060 1084 1145 mundus;
1114 1085 1164 1133 cur

153 1173 258 1270 pa'uci
279 1172 557 1257 obstinatissimi,
578 1172 639 1266 qui
656 1195 925 1259 remanserunt,
944 1175 1019 1272 ipsi
1041 1179 1161 1249 mundo

151 1288 222 1361 iam
258 1290 417 1360 credenti
456 1290 574 1360 adhuc
609 1314 722 1383 usque
756 1315 830 1359 non
866 1292 1065 1365 creduut?
1108 1292 1159 1388 qui

150 1426 338 1504 propterea
362 1432 512 1477 numero
533 1405 666 1498 §iguo
686 1404 922 1499 ignobilium,
948 1408 1157 1493 infimorum,

150 1508 394 1620 imperitorum
421 1521 605 1593 hominum
627 1521 799 1606 credidit,
824 1523 907 1617 quia
935 1524 972 1594 in
995 1547 1067 1598 tam
1089 1553 1158 1598 cou-

151 1639 379 1712 temtibilibus
405 1639 553 1711 testibus
577 1641 690 1708 multo
716 1638 907 1711 mirabilius
931 1641 1097 1715 divinitas
1119 1643 1155 1712 le·

151 1757 232 1853 ipsa
257 1755 438 1854 persuasit.
497 1755 652 1850 Eloquia
678 1767 831 1850 namque
856 1759 1152 1852 persuadentium,

151 1899 232 1970 quae
266 1873 453 1959 dicebant,-
489 1873 578 1944 mira
611 1873 754 1944 luerunt
786 1873 902 1958 facta,
944 1900 1023 1946 nou
1049 1876 1151 1948 verba.

151 1991 226 2082 Qui
250 1991 343 2061 enim
368 1989 550 2060 Christum
568 1989 607 2059 in
628 2015 731 2060 carne
753 1990 1007 2077 resurrexisse,
1033 2013 1069 2064 et
1087 2015 1150 2064 cum

146 2106 207 2177 illa
232 2105 270 2176 in
296 2108 423 2176 coelum
449 2105 647 2176 ascendisse
673 2132 747 2177 non
773 2105 960 2192 viderant,
986 2108 1026 2178 id
1058 2135 1093 2180 se
1113 2106 1152 2178 vi·

147 2221 242 2294 disse
271 2221 518 2305 narrantibus,
555 2230 628 2291 non
660 2207 888 2319 loquentibus
914 2243 1073 2311 tantum,
1102 2223 1147 2296 led

148 2336 252 2410 etiam
271 2336 415 2409 mirifica
433 2336 640 2408 facientibus
663 2338 760 2432 figna
780 2339 983 2412 credebant
1028 2343 1062 2413 si
1077 2363 1146 2413 vero

147 2480 214 2552 per
237 2454 436 2550 Apostolos
463 2451 620 2538 Christi,
655 2475 694 2525 ut
721 2455 769 2526 eis
799 2455 1025 2542 crederetur,
1055 2479 1145 2528 resur·

146 2573 361 2657 rectionem,
388 2576 425 2642 et
448 2571 691 2643 ascensionem
717 2571 989 2665 praedica'ntibus
1012 2570 1142 2654 Christi,

146 2688 252 2761 etiam
277 2688 343 2760 ista
370 2687 536 2759 miracula
559 2688 650 2758 lacta
675 2712 752 2757 esse
778 2713 852 2758 non
881 2689 1058 2777 credunt,
1090 2690 1142 2760 huc

145 2803 253 2877 uobis
278 2829 388 2877 uuum
413 2804 548 2898 grande
569 2802 774 2874 miraculum
794 2802 938 2890 sufficit,
964 2808 1063 2900 quod
1083 2826 1141 2877 earn

145 2938 316 2999 terrarum
336 2920 433 2997 orbis
454 2920 527 2992 fine
548 2919 627 2992 ullis
649 2919 824 3005 miraculis
846 2920 1038 3001 credidit.“
