2460 4560
63 336 1101 477 §.mgr

57 626 71 639 “
116 642 570 854 'rRAErArro
610 650 1029 789 linerolus,

58 936 239 1089 'Nullo
267 1028 349 1090 non
382 1027 554 1113 tempore
586 1010 622 1090 S.
658 1011 848 1113 Scriptura
877 1015 984 1091 abusi
1010 1013 1097 1095 sunt

55 1113 250 1218 1haeretici3
276 1113 440 1192 ludibrio
462 1122 557 1191 eam·
573 1113 805 1203 habuerunt,
832 1117 1096 1215 exploserunt-

55 1210 354 1315 ¹que⁵·christirni
376 1215 540 1292 nominis
560 1214 708 1304 hostes,
737 1238 757 1289 a
777 1212 849 1291 fide
870 1217 999 1306 alieni,
1033 1218 1096 1297 uel

55 1310 267 1413 'apoetltaer
307 1311 358 1391 Hi
379 1314 605 1392 'cum-finta
634 1312 695 1391 SS.
720 1313 889 1415 Patribus
917 1318 1093 1414 refutati3

58 1414 198 1491 'eorum
212 1414 349 1491 'tamen
373 1419 525 1515 antiqua
544 1416 711 1492 crambes
731 1429 882 1494 recocta
903 1432 961 1493 est
985 1433 1095 1497 etate

63 1512 133 1595 hac
157 1517 369 1615 posteriori.
439 1516 522 1594 Nec
549 1537 718 1614 unquam
747 1530 946 1616 tantopere
981 1519 1094 1595 deba.

63 1616 217 1693 chatum
241 1629 317 1707 est,
356 1614 477 1717 quam‘
494 1620 667 1716 praes'enti
693 1616 825 1694 saeculo
851 1619 951 1708 hoc,
985 1620 1093 1717 quod

60 1728 165 1794 tanta
195 1715 280 1805 luce
308 1719 501 1816 perlusum
531 1715 647 1792 hodie
676 1719 817 1816 ubique
845 1720 1091 1811 buccinatur,

60 1819 373 1918 ingeminantque
396 1814 469 1894 libi
490 1815 623 1892 sufferri
646 1815 722 1905 illi,
747 1819 884 1915 quibus
910 1818 1005 1894 nihil
1033 1843 1094 1896 ae-

60 1918 341 1997 commodatius
367 1923 425 1992 est
449 1915 521 1992 illis
546 1913 686 1992 Christi
711 1919 832 1993 verbis
861 1915 982 2011 (Luo
1014 1915 1089 1998 XI.

62 2023 176 2115 35.):
218 2017 339 2108 Vide,
365 2016 570 2107 uolumen,
596 2016 692 2113 quod
718 2019 759 2092 in
783 2028 818 2094 te
839 2029 912 2107 est,
939 2019 1094 2097 tenebra

52 2116 126 2217 fint
138 2137 155 2210 ,⁶
190 2120 296 2217 queis
323 2115 494 2197 Christus
515 2113 726 2195 'Pharis'aeos
754 2119 996 2218 perstringit,
1024 2122 1093 2219 qui

59 2219 269 2318 indignati,
296 2217 401 2319 quod
429 2242 468 2294 se
496 2220 536 2294 in
563 2218 750 2294 mundum
777 2222 922 2296 venisse
949 2219 1091 2297 diceret

59 2317 113 2414 (J
116 2343 152 2397 o.
174 2316 246 2397 IX.
270 2344 325 2415 39.
346 2325 471 2411 etc.):
498 2329 562 2405 ut,
580 2320 644 2415 qui
660 2343 730 2394 non
747 2321 897 2410 vident,
913 2321 1091 2412 videanr3

58 2421 182 2517 etqui
205 2419 357 2517 vident,
390 2421 471 2497 caeci
483 2417 602 2516 fiunt,
638 2441 727 2496 eum
740 2419 985 2519 ‘interpellare
1008 2423 1089 2498 ausi

57 2518 170 2609 sunt,
206 2520 425 2599 aedicere:
463 2518 646 2614 Nunquid
674 2530 709 2594 et
737 2542 801 2595 nos
826 2524 906 2596 caeoi
923 2518 1091 2618 sumus?

59 2622 198 2721 quibus
222 2620 305 2697 ille:
333 2621 374 2699 Si
397 2621 476 2696 cuci
499 2622 643 2706 erretim
664 2631 740 2693 'non
763 2617 944 2696 haberetis
965 2635 1090 2716 peccu-

57 2734 162 2811 tum3
184 2744 278 2798 nunc
298 2743 388 2799 vero
408 2720 552 2797 dicitis:
581 2715 687 2822 Quia·
703 2720 887 2809 videmus,
910 2720 989 2795 ideo
1004 2735 1089 2817 pec-

55 2834 181 2900 corum
200 2834 366 2898 uestrum
388 2829 518 2895 monet.
570 2815 627 2896 Eo
655 2831 782 2895 autem
807 2843 863 2895 res
887 2819 1002 2897 hodie
1023 2821 1089 2897 de·-

58 2923 173 2999 ducta
190 2936 266 3012 est,
290 2933 334 2999 ut
357 2920 517 3008 fuerint,
544 2921 680 3018 quibus
699 2922 826 2999 omnia
844 2920 894 2996 lic
914 2923 990 2996 iam·
1006 2944 1086 2997 esse

55 3021 267 3101 intellectui
290 3022 458 3099 humano
484 3023 679 3118 perspicua
704 3020 847 3096 reddita
872 3019 957 3096 sunt
983 3023 1085 3110 uisa,

55 3136 102 3200 ut
122 3125 226 3200 brevi
245 3120 633 3199 saltem'revelationis
655 3120 722 3197 lux
745 3118 789 3197 fit
813 3121 939 3196 futura
960 3118 1086 3218 super-

57 3246 229 3300 vacanea.
282 3220 424 3302 Horret
442 3220 564 3297 dicere
580 3223 749 3310 animus,
775 3223 815 3296 in
860 3245 924 3296 uas
942 3220 1086 3319 delapsi
1151 3278 1153 3282 ι

55 3322 129 3402 fint
156 3323 345 3401 eiusmodi
378 3322 578 3398 hominum
609 3333 784 3419 portenta
815 3243 1085 3419 blasphemiae.

56 3447 151 3525 quas
183 3424 337 3525 quidem
364 3422 431 3499 suo
459 3423 613 3496 nomine
643 3444 722 3497 non
752 3443 885 3495 omnes
911 3443 1085 3503 evomere

53 3525 144 3604 funt
167 3527 268 3601 ausi:
304 3523 398 3601 dum
421 3524 571 3597 interim
600 3520 695 3596 nihil
715 3520 890 3619 religioni
910 3520 1084 3625 ducitur,

54 3629 214 3726 impune
243 3625 330 3701 talio
357 3624 436 3702 luci
465 3619 623 3721 publlcae
656 3619 757 3709 dari,
797 3644 867 3711 nec
895 3625 1092 3724 profanari

53 3727 200 3817 folum,
227 3726 492 3810 verumetiam
516 3721 727 3820 despectui,
753 3722 893 3814 irrisui,
920 3736 963 3804 ac
986 3726 1086 3826 ludi-3

54 3829 142 3906 brio
174 3829 318 3928 exponi
346 3820 519 3903 Verbum
546 3821 745 3912 divinum,⁴
772 3837 884 3925 atque
912 3829 1086 3926 prostitui

55 3929 236 4029 exemplo
270 3930 434 4027 pessimo
475 3923 689 4025 indicioque
719 3924 895 4004 luctuoso
912 3956 943 4013 ‚·
967 3951 1083 4026 quam

54 4031 179 4124 male,
203 4053 249 4120 ‚ac
270 4050 443 4134 perverse
465 4029 645 4130 cuiusque
667 4026 839 4120 arbitrio,
865 4036 977 4130 atque
996 4027 1083 4111 libi-
1157 4032 1160 4095 ἐ

224 4378 246 4420 Ι
