2460 4560
221 331 296 400 350

74 461 189 526 CAPUT
220 476 405 533 seramus:
450 452 550 528 cuius
583 478 696 549 opera
729 478 828 526 mors
869 479 892 527 a
930 442 1101 531 morsibus

76 577 181 635 XXVl·
220 596 300 650 orta
320 573 524 660 cohibetur,
549 590 586 644 et
605 570 675 669 ipsi
694 570 877 668 serpentes
896 573 1016 647 crucis
1036 601 1104 673 pas·

66 692 324 772 Wsione'
352 691 525 763 delentur.
592 687 642 761 Et
668 680 851 761 destructa
876 690 1030 786 quidem
1057 710 1104 766 est

223 829 320 883 mors
338 834 358 880 a
376 792 600 905 serpentibus
619 805 831 903 importata,-
856 807 1032 884 nimirum
1048 809 1106 882 im·

220 927 368 1025 pietas,
393 917 441 997 at'
458 948 597 997 morsus
622 922 787 995 nondum
812 924 970 999 omnino
998 952 1103 1001 cessa·

219 1062 313 1118 runt,
385 1040 529 1114 Etenim
561 1039 619 1112 illa
656 1039 986 1138 concupiscentia,
1029 1067 1100 1140 qua

220 1158 320 1247 carni
341 1150 508 1233 adversus
528 1155 687 1253 spiritum
706 1155 816 1244 inest,-
840 1159 1016 1237 nondum
1033 1186 1101 1259 per·

219 1279 311 1351 secte
337 1294 541 1372 compressa
564 1292 627 1346 est¹
677 1271 774 1344 Nam
801 1293 836 1347 et
859 1273 899 1346 in
927 1274 1022 1365 illis,
1045 1274 1100 1374 qui

220 1394 353 1467 virtute
375 1391 527 1463 maxime
551 1392 710 1488 pollent,-
736 1391 827 1486 saepe
847 1391 1104 1490 concupiscen-

220 1509 278 1583 tiae
303 1534 443 1581 morsus
467 1507 667 1601 insurgunt·
735 1504 805 1577 Sed
833 1506 900 1602 qui
930 1506 971 1578 in
1003 1535 1100 1599 eum,

122 1600 133 1625 ⁸
191 1707 197 1720 ο
220 1625 284 1723 qui
303 1625 460 1700 sublatus
475 1623 514 1695 in
536 1634 678 1695 crucem
698 1642 770 1709 est,
788 1625 918 1696 oculos
941 1625 1098 1714 coniicit,

220 1742 445 1817 affectionem
470 1737 591 1827 illam,
622 1757 831 1835 motumque
855 1737 1096 1816 inordinatum

218 1858 389 1958 depellit,
426 1877 462 1930 et
490 1856 653 1953 timorem
680 1853 755 1927 Dei
779 1855 891 1928 veluti
919 1861 1100 1955 quoddam

219 1979 453 2075 pharmacum
471 1973 708 2047 inuenenum'
731 1971 896 2070 aspergit.
947 1975 1101 2050 Crucem

220 2118 334 2194 porro
368 2090 527 2189 aspicere
556 2088 644 2162 nihil
678 2105 731 2161 est
760 2091 879 2176 aliud,
917 2117 1028 2189 quam
1055 2093 1102 2168 ita

217 2211 404 2288 instituere
421 2208 549 2294 vitam,
569 2225 610 2279 ut
628 2205 764 2278 mundo
786 2226 947 2298 mortua,
970 2231 1008 2285 et
1028 2236 1102 2284 cru·

218 2329 327 2413 cifixa
350 2327 413 2414 fit,
441 2344 477 2397 et
496 2324 543 2396 ad
565 2349 673 2396 omne
694 2342 880 2420 peccatum
903 2325 1101 2402 immobilis

216 2461 451 2546 perseveret,
493 2440 748 2540 propriamque
788 2467 935 2516 carnem
972 2445 1098 2519 timore

218 2562 296 2637 Dei
316 2561 516 2658 configere,
539 2558 638 2632 iuxta
655 2558 841 2656 psalmistae
858 2580 1011 2635 votum:
1035 2565 1099 2636 cla·

215 2706 285 2756 vus
304 2705 393 2753 vero
414 2703 554 2751 carnem
576 2675 769 2764 cohibens,
790 2676 1016 2752 continentia
1029 2680 1098 2753 sue·

217 2797 274 2869 rit.
289 2799 312 2835 ‘⁶
379 2794 500 2890 Pergit
521 2793 770 2891 Theophanes
801 2794 1004 2887 declarare,
1029 2795 1096 2872 vir·

215 2939 299 3010 gam
321 2912 469 3010 Moysis
487 2910 530 2982 in
543 2914 740 3008 serpentem
761 2935 974 2986 conversam
998 2910 1096 2986 Chri·

213 3031 260 3104 sti
284 3031 486 3127 symbolum
508 3027 640 3115 fuisseg
666 3052 733 3100 nec
761 3043 833 3114 est,
860 3053 938 3124 quo
966 3027 1097 3128 magni·

215 3147 306 3221 tudo
341 3144 454 3216 divini
485 3169 569 3239 erga
598 3171 711 3240 genus
740 3144 937 3220 humanum
969 3144 1097 3220 amoris

216 3260 329 3359 magis
361 3259 412 3334 ob
443 3263 568 3334 oculos
600 3262 690 3359 poni
720 3261 856 3359 possit,
895 3289 1006 3361 quam
1033 3287 1097 3362 per

215 3382 310 3457 hanc
337 3397 470 3452 tantam
500 3378 673 3475 unigeniti
702 3378 783 3452 Filii
812 3378 888 3452 Dei
916 3381 1097 3455 demissio·

191 3575 194 3582 ,
216 3497 359 3587 nemin
381 3493 607 3569 fimilitudine
628 3495 799 3593 serpentis
821 3494 979 3594 antiqui,
1004 3524 1096 3571 mor·

213 3641 366 3712 sumque
388 3614 487 3688 illum
511 3614 696 3701 lethalem,
724 3639 830 3710 quem
856 3613 905 3687 ab
930 3640 976 3690 eo
1000 3641 1097 3690 acce·

212 3729 354 3828 pimus,
384 3757 406 3804 a
429 3728 572 3805 Christo
596 3735 749 3806 exaltato
774 3730 814 3804 in
837 3731 939 3830 ligno
962 3732 1003 3805 in
1026 3759 1096 3808 me·

214 3846 333 3918 delam
362 3872 534 3937 versum,
574 3868 615 3923 ut
643 3875 707 3947 per
744 3848 843 3922 Osee
878 3851 1094 3950 prophetam

197 3960 422 4063 praedictum
443 3965 524 4041 suit:
551 3975 600 4042 De
622 3995 718 4041 manu
737 3980 849 4044 mortis
868 3977 1004 4048 ductam
1026 3999 1095 4059 eos,
