2460 4560
561 385 793 400 ...μιῇ-.-

173 358 241 428 116

169 533 245 579 non
275 499 509 600 sophistarum
539 496 740 592 conquisitu
771 490 975 591 eloquentia
1000 499 1049 571 ad
1074 500 1192 576 fucum

168 621 371 697 faciendum
389 637 448 689 aut
466 613 758 699 ostentationem,
774 614 836 686 sed
851 635 1060 711 opportuna
1078 646 1192 693 rerum

167 738 374 813 inductione
408 734 453 806 ad
485 713 787 804 commovendum
818 733 1121 831 edocendumque
1151 739 1192 810 de

167 859 219 930 rei
239 854 385 928 veritate
411 849 585 922 animum:
623 847 734 943 qualis
760 847 863 920 etiam
884 848 966 938 illa,
1002 877 1084 948 quae
1109 880 1189 926 mox

165 974 336 1071 sequitur:
364 981 390 1040 si
413 989 519 1039 aretem
542 995 652 1038 manus
671 987 747 1052 tua,
777 987 808 1037 et
829 995 885 1056 pes
905 987 979 1038 tuus
988 977 1191 1056 scandalizat

167 1117 221 1177 te,-
247 1096 386 1161 abscinde
408 1114 499 1171 eum,
523 1104 554 1155 et
565 1095 685 1173 proiice
705 1093 759 1153 obs
783 1104 831 1154 te:
857 1093 971 1156 donum
994 1097 1054 1158 tibi
1081 1111 1128 1161 est
1152 1099 1190 1160 ud

91 1228 93 1234 ’
164 1221 268 1281 vitam
291 1213 410 1289 ingredi
434 1212 558 1274 debilem
581 1210 635 1271 vel
655 1209 836 1287 claudum,
855 1229 950 1291 quam
974 1212 1056 1275 dtas
1084 1233 1189 1276 monus

165 1334 219 1395 vel
244 1333 319 1394 duros
336 1329 432 1409 pedes
458 1327 617 1388 debentem
644 1329 729 1387 mitti
754 1329 787 1387 in
817 1330 915 1403 ignem
940 1342 1108 1393 eternum:
1136 1323 1188 1394 ad-

166 1439 241 1512 dita
275 1461 384 1534 porro
414 1461 435 1506 a
465 1433 569 1507 nobis
604 1437 712 1528 paulo
747 1452 829 1510 ante
865 1455 988 1507 notata
1020 1437 1059 1509 in
1094 1465 1185 1510 more

167 1556 314 1629 Christo
351 1551 469 1650 posita
503 1551 540 1620 in
572 1550 679 1621 rebus
715 1550 937 1645 gravioribus
960 1533 1189 1651 repetitionis

164 1673 339 1747 formula:
369 1680 410 1743 Et
430 1682 457 1740 si
483 1678 590 1739 oculus
619 1689 692 1739 tuus
705 1676 908 1755 scandalizat
933 1691 981 1757 te,
1008 1701 1081 1744 erue
1108 1702 1186 1758 eum,

165 1815 198 1865 et
219 1801 339 1882 proiice
368 1796 422 1858 abs
451 1808 502 1858 te.-
537 1795 651 1856 bonnm
681 1795 738 1855 tibi
763 1807 828 1871 est,
864 1782 932 1856 eum
960 1812 1023 1859 uno
1052 1801 1140 1862 oculo
1160 1804 1187 1860 in

165 1921 270 1985 uitam
291 1919 427 1990 intrare,
447 1932 556 2001 'quom
583 1913 658 1972 duos
681 1912 783 1972 oculos
803 1903 962 1974 habentem
987 1919 1073 1979 mitti
1093 1920 1127 1978 in
1143 1935 1187 1992 gc.

165 2034 295 2096 hennam
316 2033 404 2106 ignis.
441 2019 549 2090 Haud
569 2017 723 2103 abludit,
743 2020 843 2114 quod
864 2019 1026 2094 Christus
1046 2049 1189 2120 respon·

165 2141 218 2212 dit
232 2139 300 2211 suis
318 2135 518 2230 discipulis,
543 2135 627 2204 dum
646 2133 828 2206 Pharisaeis
849 2137 1003 2224 dixerat,
1027 2141 1189 2238 Moysen

164 2257 211 2331 ad
225 2253 386 2326 duritiam
408 2251 527 2322 cordis
545 2249 744 2346 permisisse
762 2279 917 2326 uxorum
935 2257 1107 2351 repudia,
1126 2258 1189 2329 dis·

163 2371 274 2470 cipuli
291 2389 406 2441 autem
423 2367 596 2439 dicerent:
616 2365 675 2452 „Si
688 2367 736 2439 ita
748 2389 801 2440 est
818 2372 1098 2446 causa'hominis
1113 2400 1189 2447 cum

164 2513 297 2574 uxore,
320 2510 394 2556 non
419 2484 565 2580 expedit
586 2485 732 2557 nubere.
786 2487 860 2579 Qui
882 2488 971 2560 dixit
990 2488 1079 2562 illis:
1105 2492 1189 2564 Non

162 2631 289 2681 omnes
315 2602 459 2700 capiunt
487 2602 638 2676 verbum
664 2602 782 2689 istud,
817 2604 878 2675 sed
907 2604 1191 2700 quibusadatum

162 2744 225 2798 est.
278 2721 366 2796 Sunt
390 2719 482 2791 enim
506 2719 681 2805 eunuchi,
710 2719 771 2815 qui
799 2721 844 2792 de
874 2714 994 2794 matris
1018 2736 1124 2799 utero
1146 2725 1189 2798 fic

162 2824 235 2914 uati
254 2840 351 2911 sunt:
373 2857 408 2908 et
427 2839 508 2910 sunt
531 2837 701 2924 eunuchi,
726 2837 787 2932 qui
808 2838 891 2910 fecti
910 2840 1057 2914 suntab
1078 2843 1188 2916 homi·

162 2959 291 3032 nibus-2
321 2974 356 3026 et
377 2956 458 3027 sunt
480 2954 654 3040 eunuchi,
683 2954 744 3050 qui
770 2982 806 3026 se
827 2955 924 3052 ipsos
948 2976 1190 3033 castraverunt

161 3093 307 3174 propter
333 3097 484 3167 regnum
510 3070 605 3158 Dei,
633 3071 694 3167 qui
719 3054 843 3170 ‘potest
871 3061 997 3171 capere
1028 3072 1154 3174 capiat
1168 3080 1188 3116 ‘⁶

236 3306 338 3379 Tum
360 3305 466 3392 illud,
488 3331 561 3400 quo
581 3308 664 3378 suos
681 3296 872 3380 adcertam
893 3333 913 3378 a
932 3306 1039 3380 Patre
1057 3307 1188 3381 coelesti

161 3424 324 3523 quidvis,
361 3423 461 3518 quod
488 3424 649 3510 bonum,
678 3451 723 3497 ruc
749 3426 975 3521 profuturum
1002 3425 1064 3512 fit,
1100 3426 1188 3500 obti-

162 3540 273 3614 nendi
295 3541 391 3636 spem
415 3566 455 3612 ac
479 3541 645 3618 fiduciam
667 3541 804 3614 inducit
829 3538 888 3631 o):
924 3551 1002 3633 ‚Quis
1020 3565 1128 3614 autem
1149 3569 1186 3615 ex

159 3670 248 3731 uobis
269 3680 393 3748 ,intrem
414 3671 499 3748 petit
516 3669 820 3751 ponem,·nunquid
841 3668 983 3748 lapidem·
998 3668 1088 3744 dudit
1113 3668 1187 3730 idi?

159 3774 211 3846 Ut
231 3772 304 3866 iam,
323 3802 367 3846 ex
389 3775 571 3847 Mutthaeo
599 3775 637 3844 in
660 3776 822 3847 sermone
845 3775 985 3846 Christi
1005 3775 1043 3845 in
1063 3796 1184 3850 monte

162 3894 376 3966 notavimus.
442 3890 541 3963 Idem
576 3916 665 3967 vero
693 3893 765 3968 hoe
793 3895 902 3967 refert
928 3893 1084 3984 Lucas,
1105 3919 1181 3973 curn

203 4044 233 4117 a)
254 4025 316 4103 luc.
342 4039 393 4127 Xd
418 4053 461 4101 11.
572 4052 598 4071 ⁸·

61 4222 239 4288 *t-
