2460 4560
460 320 692 408 ““““·“““,-
1018 359 1086 422 123

54 475 178 551 educit
209 501 276 548 eas.
327 475 484 549 Etcum
512 477 675 573 proprias
705 501 793 552 oves
824 481 976 554 emiserit
1002 503 1085 556 ante

59 620 117 668 eas
147 593 269 664 vadit:
307 611 343 664 et
375 619 461 665 oves
487 592 584 665 illum
610 595 825 689 sequuntur,
861 597 944 692 quia
972 600 1086 673 sciunt

57 735 189 784 vocem
214 707 297 803 eius,
349 708 518 782 Alienum
544 731 659 782 autem
687 739 762 785 non
786 716 998 808 sequuntur,
1025 716 1086 786 [ed
1168 731 1171 740 '

56 827 202 922 fugiunt
224 827 270 896 ab
291 851 358 897 oor
387 826 469 921 quia
495 853 570 898 non
600 848 777 901 noverunt
802 856 931 903 vocem
956 831 1088 903 alieno·

57 946 195 1018 rum.“'
224 943 271 1013 Et
286 962 412 1038 postea
430 941 493 1032 a):
520 943 633 1038 „Ego
655 947 730 1016 sum
749 946 872 1019 Pastor
890 947 1027 1019 bonus:
1052 967 1088 1020 et
1199 1007 1203 1014 .

59 1084 249 1154 cognosco
287 1085 374 1132 oves
408 1087 529 1148 meas,
571 1081 606 1132 et
643 1085 868 1157 cognoscunt
902 1091 958 1140 me
987 1091 1087 1142 meae.

57 1175 157 1249 Sicut
185 1176 288 1246 novit
316 1203 373 1248 me
400 1177 523 1263 Pater,
563 1197 598 1249 ot
626 1204 694 1274 ego
729 1205 887 1278 agnosco
922 1180 1084 1253 Patrem:

60 1293 107 1364 Et
145 1291 300 1365 animam
334 1320 449 1365 meam
483 1319 583 1390 pono
613 1322 680 1390 pro
714 1298 847 1370 ovibus
877 1298 974 1370 meis.
1035 1299 1086 1372 Et

59 1409 143 1482 alias
166 1433 253 1480 oves
277 1409 416 1497 habeo,
444 1437 522 1505 quae
549 1437 624 1483 non
648 1413 730 1486 sunt
752 1439 796 1484 ex
819 1414 891 1486 hoc
914 1413 1021 1487 ovilis
1051 1434 1087 1488 et

61 1525 139 1598 illas
171 1545 318 1622 oportet
344 1553 402 1599 me
433 1527 628 1616 adducere,
665 1550 701 1602 et
728 1556 857 1603 vocem
886 1557 999 1602 meam
1027 1558 1085 1605 au·

61 1642 186 1728 dicut,
214 1661 249 1713 et
275 1642 336 1714 fiet
360 1670 471 1716 unum
500 1645 595 1717 ovile
622 1662 657 1716 et
681 1671 772 1717 unus
801 1649 965 1743 pastor.“
1021 1646 1084 1721 De
1176 1707 1180 1714 .

60 1757 253 1832 vocatione
277 1760 436 1853 gentium
458 1760 516 1831 hic
539 1761 715 1854 loquitur,
743 1787 813 1856 qua
833 1787 900 1833 nos
922 1763 1015 1833 sorte
1038 1787 1085 1834 ex

60 1876 204 1948 illorum
235 1902 385 1950 numero
414 1879 532 1947 sumus
566 1886 669 1961 beati,
705 1889 760 1967 qui
795 1887 1087 1950 audiuntverbum

30 1993 33 1997 ’
60 2001 120 2064 Dei
147 1991 280 2063 Christi
301 2019 408 2077 oves,
438 1989 573 2063 reiectis
599 1990 739 2062 interim
767 2019 812 2063 ox
842 1992 928 2065 ovili
948 1995 1011 2066 suo
1034 1993 1100 2074 in·‚

61 2107 223 2180 credulis·
235 2107 384 2195 Judaeis,
412 2109 457 2200 de
475 2107 602 2202 quibus
621 2107 709 2180 inira
726 2105 762 2199 b)
776 2136 784 2180 ι
800 2117 862 2198 fid
876 2138 933 2182 nos
950 2141 1010 2187 nou
1026 2141 1087 2185 cre·
1152 2104 1157 2119 ’

59 2237 154 2312 ditis,
183 2238 259 2317 quia
281 2255 340 2297 non
363 2238 435 2298 estis
457 2253 496 2297 ex
518 2236 628 2297 ovibus
647 2238 730 2298 meis.
786 2237 863 2298 Oves
885 2255 953 2300 meae
978 2233 1085 2302 nocem

58 2371 161 2414 meam
189 2353 343 2413 audiunt:
380 2366 410 2415 et
434 2371 486 2428 ego
512 2345 661 2428 cognosco'
681 2371 753 2430 eur,
780 2364 811 2413 et
820 2352 997 2436 fitquurrtur
1023 2375 1080 2418 me.

57 2461 120 2531 An
142 2460 235 2531 forte
254 2486 275 2530 a
296 2458 425 2531 coelesti
448 2459 570 2547 Patre,
598 2462 683 2530 dum
700 2460 736 2530 in
761 2460 937 2556 baptismo
954 2461 1084 2536 Filium

56 2578 161 2649 suum
182 2575 348 2648 dilectum
367 2576 613 2662 denunciavit,
634 2575 745 2647 verba
763 2576 837 2646 illa:
858 2588 959 2664 ipsum
978 2572 1086 2651 audiit

58 2691 293 2793 praetermissa
312 2695 407 2780 sunt,
427 2693 571 2787 eoquod
591 2694 743 2769 necdum
762 2688 973 2788 discipulos,
991 2721 1084 2790 quos

58 2810 97 2882 in
126 2809 383 2905 dispersionem
410 2809 569 2904 gentium
595 2811 641 2882 ad
671 2798 937 2908 praedicandum
965 2812 1084 2888 Evan-

59 2927 221 3023 gelium,
260 2925 388 2998 reiecta
420 2946 526 3019 gente
562 2927 734 3012 Judaica,
773 2927 939 2999 missurus
973 2950 1083 3015 esset,

59 3043 126 3115 sibi
152 3041 314 3114 Christus
341 3043 593 3139 aggregasset?
629 3043 919 3115 Rememoranda
947 3043 1003 3119 hic
1030 3066 1084 3116 est

58 3163 171 3258 paulo
202 3179 282 3231 anto
311 3178 431 3230 notata
462 3161 647 3233 conclusio
672 3159 842 3232 sermonis
870 3159 1021 3237 Domini
1045 3161 1082 3235 in

57 3296 185 3351 monte
207 3302 254 3350 ex
281 3274 462 3349 Matthaeo
484 3273 537 3366 e),
564 3303 643 3372 quae
661 3302 750 3350 vero
769 3277 875 3372 apud>
892 3276 1025 3348 Lucam
1043 3276 1081 3367 d)

57 3396 107 3470 fic
126 3392 253 3466 habet:
286 3403 406 3480 Omnis,
433 3406 489 3486 qui
510 3406 598 3467 uenit
620 3404 664 3466 ad
684 3421 749 3478 me,
776 3415 808 3465 et
830 3400 1084 3490 auditsermoner

58 3542 160 3599 meos,
178 3519 297 3600 etfacit
307 3540 377 3583 eos:
396 3519 558 3580 Ostendam
570 3519 658 3579 vobis
669 3514 834 3592 cuistmilir
842 3515 907 3594 stt.-
920 3517 1026 3594 fimilis
1039 3535 1084 3584 est
1117 3525 1118 3532 ’

58 3639 177 3701 homini
187 3635 348 3712 edificanti
361 3637 501 3713 domum,
516 3620 665 3718 quifodit
676 3636 709 3694 in
721 3633 819 3694 ultum
828 3646 883 3695 etc.
905 3635 968 3719 Qui
981 3653 1084 3700 autem

58 3757 181 3831 audit,.
198 3767 229 3817 et
246 3773 306 3816 non
319 3751 425 3833 facit,
445 3749 558 3829 fimilis
578 3765 624 3815 est
645 3751 762 3813 nomini
779 3746 940 3828 aedificanti
961 3755 1084 3818 domum

48 3872 144 3951 suam
153 3871 264 3954 super*
275 3883 390 3933 terrum
399 3865 477 3946 stne
478 3869 687 3949 fundamento
704 3878 760 3930 etc.

56 4014 141 4092 a)Jo.
155 4013 192 4070 X.
206 4027 252 4089 ¹4·
296 4012 433 4090 &Iluam
476 4011 614 4089 &Manu
629 4009 752 4083 V11.24.
797 4013 901 4089 Μαι.
917 4009 1021 4079 VL47.
1034 4024 1073 4068 etc

1107 4134 1176 4272 ’1

1056 4484 1128 4506 ’Δ
