2460 4560
173 357 245 429 166
483 344 487 352 ’
562 339 793 377 “““““““

173 516 260 601 Dicit
280 509 309 578 σι’
325 512 434 602 ,ferun
460 511 524 589 Ego
535 509 612 591 stim
630 513 708 589 ιιία,
732 511 911 588 etveritus,
934 519 967 572 et
983 509 1070 572 vita.
1106 511 1192 574 Nemo

171 639 258 717 veuit
272 634 316 696 od
328 620 471 708 Patrem,
491 632 550 708 nisi
564 648 624 710 per
644 649 701 716 me,
752 619 818 711 Est
838 619 913 708 haec
936 616 1065 711 divina
1084 619 1192 692 Evan-

173 742 257 839 gelii
288 739 418 834 Christi
450 736 562 831 Verbi
592 736 760 829 incarnati
794 736 1020 829 φεοιιοιιιῇι,
1061 756 1102 829 ut
1131 735 1191 808 suis

173 848 293 953 iocum
324 882 387 952 per
417 848 567 951 rnoitem
586 839 688 950 'suam
715 872 853 949 pararet
877 851 915 941 in
943 879 1062 949 regno
1089 852 1189 946 Patris

173 976 235 1049 fui.
287 972 357 1071 Cui
377 995 417 1069 ut
439 999 476 1070 se
500 975 702 1090 aequalem
697 969 919 1064 ostenderet,
952 981 1024 1042 Νοιι
1050 981 1185 1064 creditis,
1221 1043 1223 1055 ,

174 1086 303 1188 aito),
331 1102 483 1200 quiaego
506 1102 538 1158 in
563 1098 675 1179 Patre,
703 1097 1072 1181 ctPaterznmeest?
1106 1097 1186 1159 Verba

175 1220 239 1302 qua
260 1237 314 1304 ego
337 1217 472 1299 loquor
466 1215 576 1291 vobis,
611 1232 633 1275 a
664 1233 711 1292 me
740 1216 836 1298 ipso
832 1232 892 1275 ηοιι
915 1214 1040 1296 loquor.
1107 1213 1185 1295 Pater

174 1349 280 1421 autem
300 1337 334 1395 in
358 1353 404 1395 me
421 1349 565 1418 manens,
589 1333 654 1410 ipse
664 1331 753 1413 facit
771 1349 873 1410 opera.
903 1320 1043 1416 Signa
1037 1321 1183 1408 nimirum

173 1445 235 1538 seu
262 1442 446 1540 miracula,
482 1464 546 1534 per
569 1463 647 1532 quse
673 1436 835 1525 Christus
860 1465 896 1510 se
930 1465 952 1510 a
983 1438 1089 1533 Patre
1119 1437 1182 1528 mis·

175 1587 255 1643 sum
285 1552 559 1642 demonstravit3
597 1556 694 1625 unde
723 1555 862 1627 subdit:
904 1565 1048 1648 alioquin
1074 1574 1182 1646 propter

155 1707 271 1770 ¹opera
299 1689 369 1767 ipso
403 1686 525 1746 credite.
592 1670 643 1764 Ut
676 1698 765 1744 vero
796 1698 906 1768 opera
937 1673 1018 1767 haec
1053 1663 1179 1798 perinde

176 1800 238 1869 sua
264 1823 304 1868 ac
323 1793 433 1865 Patris
460 1817 535 1864 esse
555 1790 776 1885 ostenderet.
804 1801 919 1882 Arnen,
944 1817 1035 1884 amen
1043 1785 1178 1905 ,pergit

177 1925 246 1984 dico
267 1923 377 1994 vobis,
405 1922 459 2000 qui
489 1920 585 1980 credit
613 1921 739 1996 inme,
775 1934 895 2019 opera,
932 1933 999 1993 qua
1024 1935 1078 1994 ego
1091 1916 1177 1996 focio,

176 2051 209 2101 et
235 2042 299 2118 ipse
316 2037 438 2113 saciet,
478 2047 510 2111 et
531 2037 651 2118 maiora
677 2034 785 2094 horum
807 2032 935 2114 furiet:
977 2036 1057 2125 quio
1083 2051 1129 2108 ego
1147 2025 1179 2087 ad

177 2155 304 2215 Putrem
326 2153 430 2225 vado,
454 2161 486 2210 et
506 2153 705 2231 quodcunque
718 2152 857 2233 petieritt
833 2149 1050 2217 tiPatrems
1037 2170 1071 2234 ιιι
1085 2148 1180 2210 nomint

178 2284 266 2346 meo,
293 2269 348 2329 hoc
365 2267 501 2343 faciam.
551 2255 594 2326 Se
620 2258 792 2352 fauturum
821 2256 929 2350 dicit,
968 2258 1071 2354 quod
1095 2251 1180 2364 petie·
1224 2251 1226 2307 ἑ

177 2378 250 2451 rint
267 2376 332 2446 Pat
320 2397 407 2470 trem
430 2373 467 2443 in
492 2373 636 2469 nomine
659 2376 743 2461 su0‚
780 2396 816 2445 ut
836 2380 1028 2485 glorificetur
1050 2384 1137 2464 Pater
1156 2379 1181 2437 in
1224 2383 1226 2450 j

120 2586 121 2590 Ἰ
177 2504 280 2582 Filio,
317 2466 411 2565 Putri
437 2490 604 2607 nimirtffir
640 2474 939 2564 consubstantiali.
1008 2490 1097 2562 Post
1122 2489 1182 2559 haec

179 2615 283 2687 etiam
324 2610 372 2682 eis
412 2608 577 2704 Spiritum
610 2610 768 2681 sunctum
798 2607 1003 2703 mapifestat
1041 2603 1183 2725 (quibus
1225 2620 1227 2657 ;

177 2752 306 2827 postea
343 2745 559 2823 praeceptum
598 2726 743 2797 dederat
781 2725 930 2797 eundi
921 2752 962 2795 in
997 2718 1185 2816 universum

179 2847 372 2930 mundum,
392 2840 607 2937 praedrcaudr
620 2843 873 2938 Evangelium
893 2860 929 2914 et
940 2841 1143 2938 baptizandi
1156 2831 1185 2924 b)

178 2965 247 3053 „in
271 2960 417 3034 nomine
440 2959 574 3046 Patris,
617 2980 652 3053 et
679 2960 779 3046 Filii,
818 2978 853 3030 et
884 2952 1033 3067 Spiritus
1066 2949 1186 3043 sancti)

88 3127 91 3133 -
177 3083 208 3154 si
230 3075 369 3172 diligitis
391 3102 465 3162 me,
493 3076 658 3168 mandata
684 3103 761 3149 mea
785 3078 930 3149 servate.
982 3076 1033 3167 Et
1057 3102 1126 3173 ego
1146 3097 1214 3157 ru¹

178 3199 275 3295 gabo
308 3195 464 3278 Patrem,
510 3211 545 3262 et
571 3193 675 3264 aliurn
703 3192 913 3265 Paraclitum
941 3192 1043 3266 dabit
1069 3190 1190 3277 vobis,

176 3336 219 3389 ut
232 3331 372 3407 maneat
388 3309 575 3384 vobiscum
596 3309 632 3379 in
647 3330 836 3396 ueternum,
854 3308 1013 3406 spiritum
1036 3308 1190 3391 veritatis,
1226 3300 1228 3357 ἶ

177 3429 462 3527 quemmundus
490 3454 564 3499 non
587 3447 707 3523 potest
727 3429 911 3523 accipere.
942 3483 949 3497 .
979 3483 987 3500 .
1018 3483 1027 3500 .
1056 3423 1193 3516 Paracli·
1226 3434 1229 3439 “

178 3564 235 3620 tus
264 3568 378 3641 autem
401 3544 546 3642 Spiritus
574 3548 712 3617 strictus
741 3542 794 3637 c),
823 3570 928 3640 quem
954 3544 1074 3618 mittet
1101 3545 1191 3616 Pater

94 3660 100 3675 '
177 3689 216 3735 ιιι
240 3689 383 3734 nomine
410 3690 513 3749 meo,
551 3662 608 3735 ilie
631 3689 697 3734 vos
728 3660 875 3734 docebit
899 3687 1050 3748 omnia,
1069 3682 1106 3735 et
1131 3663 1191 3752 sug·

71 4168 119 4293 k

177 3798 279 3893 geret
302 3779 408 3849 vobis
431 3781 568 3866 omnia,
595 3805 816 3876 quiscunque
840 3779 966 3850 dixero
990 3779 1108 3852 vobis.
1142 3774 1192 3847 Pa·

180 3924 257 3970 cern
284 3894 446 3988 relinquo
479 3897 606 3989 vobis,
646 3923 769 3994 pacem
804 3922 927 4020 mearp
958 3895 1008 3968 do
1043 3888 1189 3982 vobis,“
1229 3926 1230 3929 ¹

217 4042 989 4154 >J0.errVro.r)1t15.c)ttzs.
