2460 4560
419 317 652 360 Ἣ
494 319 498 324 ’
542 321 544 323 ’
623 319 626 323 ’
899 353 967 436 aaa

98 490 199 562 Israel
230 506 385 559 convertet
416 497 460 557 ad
488 493 652 582 Dominum
683 493 794 560 Deum
811 491 972 580 ipsorum
998 493 1112 558 caina·

91 598 159 679 illis
182 631 291 691 vero,
315 629 394 699 quae
411 626 498 673 mox
518 605 729 697 sequunturt
753 617 794 677 Et
816 619 881 696 ipse
897 635 974 696 prae»
1039 615 1071 671 V.

93 733 180 796 cedet
211 742 283 792 ante
311 730 421 807 illum,
461 718 662 796 Dominum
692 717 819 819 nempe
850 723 973 796 Deum
985 724 1127 791 VW'

93 836 259 937 ipsorum
282 850 315 908 in
328 846 474 928 spiritu,-
502 858 532 907 et
556 852 676 909 virtute
698 849 791 928 Elia,
818 840 975 912 innuitur

92 976 171 1031 tota
205 954 407 1027 oeconomia
432 955 533 1049 regni
560 954 690 1046 Chpisti
714 983 733 1027 a
759 957 873 1053 primo
899 958 975 1031 eius
1072 973 1074 979 “

91 1076 254 1148 adventu
285 1071 322 1141 in
352 1097 456 1143 carne
484 1097 596 1166 usque
628 1072 674 1143 ad
706 1075 900 1146 secundum
935 1075 974 1147 in

94 1187 409 1266 consummatione
428 1188 562 1275 saeculi,
586 1215 692 1284 quem
715 1181 810 1262 Elias
829 1217 975 1288 praeces·

91 1333 199 1380 surus
225 1325 297 1393 est,
325 1304 480 1400 primum
508 1325 623 1377 autem
645 1307 681 1377 in
707 1307 829 1404 spiritu
853 1329 887 1380 et
908 1309 976 1382 vir-

92 1440 171 1496 tute
207 1422 295 1494 Etiae
332 1423 484 1493 Joannes
525 1421 676 1518 (quem
699 1417 777 1522 ipse
813 1424 976 1496 Christus

93 1541 214 1614 Eliam
237 1535 385 1627 vocat).
443 1548 482 1610 Ut
502 1524 663 1612 convertat
683 1553 776 1612 corda
796 1546 924 1632 patrum
943 1525 993 1612 iu·

89 1667 195 1744 filios,
222 1678 253 1726 et
265 1666 433 1727 incredulos
450 1667 492 1726 ud
502 1668 702 1746 prudentiam
724 1671 896 1743 iustorum,
916 1686 976 1746 pa-

94 1793 168 1844 rare
202 1781 336 1841 Domino
362 1782 481 1862 plebem
508 1782 706 1860 perfectam:
747 1773 779 1843 ei
813 1773 978 1845 nimirum

96 1888 286 1971 Domino,
305 1887 436 1982 dequo
455 1913 575 1959 mense
594 1887 722 1959 abhinc
739 1873 839 1961 sexto
858 1890 979 1984 (post-
1040 1912 1050 1925 ·

96 2031 209 2101 quam
242 2004 388 2075 Gabriel
424 2007 568 2098 angelus
596 2004 774 2077 Zachariae
804 2005 979 2077 Joannem

98 2142 148 2194 ex
170 2121 353 2194 Elisabeth
375 2146 489 2192 uxore
508 2121 721 2195 nasciturum
745 2122 980 2209 denuncian

98 2233 184 2324 rat)
215 2237 309 2308 idem
336 2238 566 2332 archangelus
595 2239 720 2312 missus
752 2241 797 2311 ad
820 2240 980 2312 Mariam

97 2353 299 2448 virginem,
331 2364 424 2440 Ecce,
450 2355 585 2449 inquit,
614 2369 760 2447 concipies
786 2369 819 2427 in
839 2379 925 2429 utero
949 2376 980 2428 et

89 2485 204 2564 paries
234 2479 363 2558 filium
409 2493 441 2542 et
467 2475 592 2544 vocabis
625 2492 731 2545 nomen
766 2486 832 2556 eius
862 2483 979 2554 Jesum0

98 2598 161 2660 Hic
191 2591 252 2659 erit
279 2615 426 2676 magnus,
454 2610 484 2662 tt
511 2599 609 2660 Filius
633 2600 786 2662 Altissimi
810 2601 984 2661 vocabitur.

181 2819 439 2894 Animadverte
461 2815 596 2908 autem,
618 2820 654 2890 in
673 2817 790 2894 verbis
810 2811 984 2896 Gabrieiis
1014 2834 1136 2914 Regnum

103 2939 228 3014 omnia
259 2956 461 3035 comparata
488 2964 566 3010 esse
594 2938 642 3008 ad
663 2939 811 3020 Messiae
836 2954 985 3034 regnum
1006 2921 1127 2990 mmm

98 3058 138 3129 in
168 3057 269 3129 terris
293 3078 457 3150 quoque,
484 3051 544 3127 sed
567 3075 791 3156 nequaquam
813 3057 988 3130 eiusmodi

106 3177 213 3270 quale
235 3192 318 3244 tunc
340 3175 452 3265 vulgo
477 3173 737 3268 exspectabant
752 3173 882 3262 dadai,
910 3191 990 3270 per·-

105 3316 211 3364 verse
228 3308 443 3385 interpretati
436 3291 685 3418 'prophetiam
705 3290 803 3360 Isaiae
824 3293 868 3363 de
886 3292 1020 3363 Mes-¹

103 3408 166 3481 siae
196 3400 388 3502 pacifico
379 3429 549 3503 tmperio
557 3408 659 3500 super
689 3405 815 3477 solium
839 3395 989 3494 David,

106 3523 276 3597 omnibus
307 3524 438 3596 cacteris
466 3521 694 3619 posthabitis,
735 3520 813 3617 quae
860 3523 990 3610 ibidem
1019 3525 1022 3530 ’

105 3642 153 3713 de
183 3639 330 3710 Christo
360 3640 526 3716 historica
555 3639 756 3710 narratione
782 3639 892 3712 veluti
921 3640 992 3712 iam

103 3759 199 3834 facta
222 3755 435 3852 depraedicat
452 3758 628 3853 propheta
649 3753 707 3844 a):
736 3756 892 3829 Parvulas
912 3771 992 3829 enim
1030 3762 1032 3765 ’

103 3896 202 3951 antus
233 3894 280 3943 est
310 3883 416 3960 nobis,
454 3895 485 3945 et
504 3882 592 3967 filius
620 3884 715 3950 datus
739 3894 785 3948 est
816 3884 929 3965 nobis,
962 3894 994 3950 ιε

148 4023 181 4104 p)
204 4021 282 4108 Istiae
303 4022 363 4088 IX·
387 4027 414 4086 6.
437 4035 463 4095 7·
487 4032 513 4087 8.
