2460 4560
1077 355 1120 420 31

95 503 259 578 egressus
280 503 303 551 a
324 477 480 550 Jordane
501 476 600 550 Jesus
618 477 793 549 'secedens
819 475 857 549 in
889 478 1063 553 desertum
1085 479 1125 570 a)

96 597 321 685 „ieiunasset
338 593 574 691 quadraginta
588 591 714 670 diebus
736 597 771 673 et
790 596 1022 691 quadraginta
1042 625 1125 671 noc·

95 714 191 793 tibus
226 710 286 804 [et
310 711 399 784 nihil
426 709 655 812 manducavit
681 709 718 781 in
742 710 869 784 diebus
891 711 958 784 illis
980 711 1043 806 b)]
1072 740 1125 788 ac·

94 831 229 904 cedens
244 848 398 902 tentator
412 827 502 900 dixit
514 825 568 899 ei:
587 823 615 899 si
628 825 720 900 filius
738 825 812 900 Dei
832 853 893 916 es,
914 828 972 902 dic
988 847 1028 902 ut
1042 833 1127 928 lapi.

95 949 160 1020 des
174 946 233 1019 isti
249 971 362 1042 panes
381 945 477 1018 fiant.
502 938 578 1038 Qui
588 942 815 1040 respondens
833 944 940 1020 dixit:
955 946 1126 1043 seriptum

92 1083 166 1142 est:
180 1058 317 1134 Nonin
329 1062 407 1136 solo
420 1087 513 1159 pane
524 1052 612 1135 vivit
622 1060 753 1151 homo,
764 1059 825 1134 sed
836 1062 875 1133 in
887 1063 986 1139 omni
996 1065 1122 1156 verbo,

96 1181 202 1277 quod
229 1179 397 1277 procedit
424 1181 470 1252 de
500 1205 563 1252 ore
597 1177 713 1251 Dei.“
778 1178 842 1250 An
877 1178 938 1254 hic
969 1182 1126 1279 respexit

98 1288 265 1371 Christus
299 1292 347 1370 ad
381 1321 509 1370 vocem
545 1296 590 1368 de
619 1295 746 1369 Verbo
783 1295 907 1370 divino
938 1299 1150 1395 unigenito
1209 1308 1211 1316 “

96 1414 191 1487 Filio
212 1408 306 1501 Dei,
333 1414 418 1486 dam
441 1408 677 1510 baptizaretur
699 1437 720 1486 a
740 1413 878 1487 Joanne
902 1413 1037 1488 coelitus
1057 1417 1128 1490 fac·

97 1532 201 1610 tam?
229 1530 346 1603 Certe·
364 1555 445 1603 cum
465 1529 503 1600 in
528 1526 684 1605 secundo
714 1556 883 1627 aggressu
911 1530 1006 1607 idem
1033 1531 1143 1609 dicer

96 1668 152 1724 tet
175 1649 294 1725 satan:
322 1656 356 1718 St·
370 1655 459 1733 filias
478 1654 537 1718 Dei
557 1675 605 1734 es,
632 1659 722 1720 mitte
742 1669 773 1727 te
794 1658 952 1736 deorsum,
978 1675 1126 1746 respon·

97 1765 153 1839 sio
183 1763 338 1852 Christi,
373 1773 441 1835 Non
470 1773 603 1841 tentabis
629 1747 796 1836 Dominam
825 1774 926 1836 Deam
955 1784 1062 1868 tuam,
1089 1785 1126 1840 et

98 1880 407 1956 adsentationem
438 1879 601 1967 tertiam,
628 1888 796 1951 Dominam
816 1889 924 1951 Deam
953 1898 1042 1953 taam
1070 1892 1127 1954 ad·

99 2009 227 2086 orabis,
261 2018 293 2070 et
316 2008 364 2069 illi
378 2005 446 2086 soll
464 2003 608 2086 servies,
646 1995 829 2069 Christum
859 1995 962 2069 etiam
994 1995 1127 2072 Filium
1158 2018 1161 2023 ’

99 2115 177 2188 Dei
205 2111 440 2212 respiciebat,
471 2112 533 2210 qui
560 2138 631 2186 una
656 2135 749 2188 voce
779 2123 863 2188 Vade
873 2123 1014 2203 satam,
1041 2142 1124 2192 eum

99 2230 222 2304 divina
243 2231 373 2305 virtute
397 2229 551 2327 fugavit:
578 2253 616 2303 at
637 2241 670 2302 in
692 2241 812 2302 nornine
834 2240 911 2312 Jesa
937 2261 1023 2305 omne
1042 2261 1124 2319 genu
1178 2235 1179 2238 ’
1219 2288 1223 2294 2

93 2364 244 2438 flectatur
270 2359 452 2451 calestioesa,
478 2358 668 2420 terrestriam
691 2367 722 2420 et
746 2356 933 2437 infernorum
950 2345 1008 2438 c),
1029 2371 1126 2446 post·

100 2491 217 2562 quam-
227 2456 471 2538 eonsummata
484 2450 582 2537 omni
596 2463 809 2553 tentatione,
826 2475 903 2539 Eece
916 2478 1015 2554 &ageli
1029 2496 1126 2542 acces.-

100 2603 223 2670 serant,
250 2604 282 2655 et
305 2585 523 2654 ministrabant
549 2594 587 2653 ei·
637 2576 822 2655 Habemus
847 2581 906 2656 hic
934 2585 1137 2663 confessio·v

100 2724 184 2771 nem
212 2709 374 2770 celestium
391 2694 428 2768 in
458 2690 653 2772 ministerio
674 2696 903 2795 angelorum,
933 2695 1123 2776 terrestriam
1188 2732 1191 2738 ·

99 2815 136 2886 in
160 2813 308 2912 Magis,
339 2815 525 2904 Simeone,
556 2835 592 2889 et
614 2814 746 2906 Anna,
781 2813 954 2916 imprimis
976 2825 1065 2892 ve'ro
1090 2821 1123 2893 S.

99 2933 262 3018 ioanne3
288 2940 498 3022 infernorum,
524 2930 730 3005 daemonum
762 2933 821 3006 hic
850 2930 993 3008 et'alias
1020 2961 1127 3032 expe·

100 3050 292 3136 timentum
319 3041 532 3146 capientium·
557 3045 751 3126 divinitatis
774 3049 871 3142 eius,
905 3045 1125 3130 deiectorum

101 3167 164 3239 suo
190 3166 229 3237 in
254 3166 448 3240 humanum
473 3192 589 3264 genus
611 3167 774 3265 imperio.
882 3168 893 3238 s

140 3395 174 3478 a)
193 3398 295 3459 Maub.
318 3397 372 3465 W.
393 3414 420 3458 a.
521 3398 552 3476 t)
572 3400 635 3458 zac.
658 3399 713 3466 W.
735 3415 764 3465 ο.
837 3398 893 3478 ιο)
922 3396 991 3466 Phil.
1015 3399 1056 3468 ΙΙ.
1081 3419 1124 3471 ro.

343 3725 872 3761 *w
