<?xml version="1.0" encoding="UTF-8"?>
<!DOCTYPE html PUBLIC "-//W3C//DTD XHTML 1.0 Transitional//EN"
    "http://www.w3.org/TR/xhtml1/DTD/xhtml1-transitional.dtd">
<html xmlns="http://www.w3.org/1999/xhtml" xml:lang="en" lang="en">
 <head>
  <title>
</title>
<meta http-equiv="Content-Type" content="text/html;charset=utf-8" />
  <meta name='ocr-system' content='tesseract 3.04.00' />
  <meta name='ocr-capabilities' content='ocr_page ocr_carea ocr_par ocr_line ocrx_word'/>
</head>
<body>
  <div class='ocr_page' id='page_1' title='image "./desublimiinevan01gerbgoog_0195.png"; bbox 0 0 2460 4560; ppageno 0'>
   <div class='ocr_carea' id='block_1_1' title="bbox 48 323 728 424">
    <p class='ocr_par' dir='ltr' id='par_1_1' title="bbox 48 323 728 424">
     <span class='ocr_line' id='line_1_1' title="bbox 48 323 728 424; baseline 0.006 -13"><span class='ocrx_word' id='word_1_1' title='bbox 48 339 175 424; x_wconf 66' lang='lat' dir='ltr'>pits</span> <span class='ocrx_word' id='word_1_2' title='bbox 295 378 301 404; x_wconf 69' lang='grc'>-,</span> <span class='ocrx_word' id='word_1_3' title='bbox 497 323 728 382; x_wconf 49' lang='grc' dir='ltr'>ω-Ξ</span> 
     </span>
    </p>
   </div>
   <div class='ocr_carea' id='block_1_2' title="bbox 6 479 1150 3854">
    <p class='ocr_par' dir='ltr' id='par_1_2' title="bbox 6 479 1150 3034">
     <span class='ocr_line' id='line_1_2' title="bbox 42 479 1121 582; baseline -0.001 -22"><span class='ocrx_word' id='word_1_4' title='bbox 42 537 43 540; x_wconf 56' lang='lat'><em>=</em></span> <span class='ocrx_word' id='word_1_5' title='bbox 100 513 189 560; x_wconf 87' lang='lat' dir='ltr'>mus.</span> <span class='ocrx_word' id='word_1_6' title='bbox 234 479 356 582; x_wconf 76' lang='lat' dir='ltr'>Atque</span> <span class='ocrx_word' id='word_1_7' title='bbox 374 483 456 557; x_wconf 90' lang='lat' dir='ltr'>hinc</span> <span class='ocrx_word' id='word_1_8' title='bbox 473 482 679 554; x_wconf 89' lang='lat' dir='ltr'>mandatum</span> <span class='ocrx_word' id='word_1_9' title='bbox 699 507 834 554; x_wconf 85' lang='lat' dir='ltr'>novum</span> <span class='ocrx_word' id='word_1_10' title='bbox 851 481 967 571; x_wconf 89' lang='lat' dir='ltr'>lllud,</span> <span class='ocrx_word' id='word_1_11' title='bbox 991 485 1038 558; x_wconf 87' lang='lat' dir='ltr'>de</span> <span class='ocrx_word' id='word_1_12' title='bbox 1056 511 1121 582; x_wconf 89' lang='lat' dir='ltr'>quo</span> 
     </span>
     <span class='ocr_line' id='line_1_3' title="bbox 100 600 1134 703; baseline -0.001 -28"><span class='ocrx_word' id='word_1_13' title='bbox 100 604 255 703; x_wconf 88' lang='lat' dir='ltr'>primum</span> <span class='ocrx_word' id='word_1_14' title='bbox 283 603 499 675; x_wconf 75' lang='lat' dir='ltr'>mentionem</span> <span class='ocrx_word' id='word_1_15' title='bbox 528 601 659 671; x_wconf 75' lang='lat' dir='ltr'>fecerat</span> <span class='ocrx_word' id='word_1_16' title='bbox 686 600 924 696; x_wconf 80' lang='lat' dir='ltr'>recapitulans</span> <span class='ocrx_word' id='word_1_17' title='bbox 952 602 1134 690; x_wconf 80' lang='lat' dir='ltr'>declarat‚=</span> 
     </span>
     <span class='ocr_line' id='line_1_4' title="bbox 100 717 1120 818; baseline -0.004 -24"><span class='ocrx_word' id='word_1_18' title='bbox 100 722 287 818; x_wconf 89' lang='lat' dir='ltr'>quomodo</span> <span class='ocrx_word' id='word_1_19' title='bbox 309 719 412 806; x_wconf 91' lang='lat' dir='ltr'>velit,</span> <span class='ocrx_word' id='word_1_20' title='bbox 440 738 480 791; x_wconf 87' lang='lat' dir='ltr'>ut</span> <span class='ocrx_word' id='word_1_21' title='bbox 503 717 656 789; x_wconf 85' lang='lat' dir='ltr'>invicem</span> <span class='ocrx_word' id='word_1_22' title='bbox 681 717 831 812; x_wconf 81' lang='lat' dir='ltr'>diligant</span> <span class='ocrx_word' id='word_1_23' title='bbox 857 721 935 791; x_wconf 84' lang='lat' dir='ltr'>sese</span> <span class='ocrx_word' id='word_1_24' title='bbox 963 720 1120 818; x_wconf 89' lang='lat' dir='ltr'>discipuli</span> 
     </span>
     <span class='ocr_line' id='line_1_5' title="bbox 99 830 1118 935; baseline -0.004 -24"><span class='ocrx_word' id='word_1_25' title='bbox 99 839 173 928; x_wconf 75' lang='lat' dir='ltr'>sui,</span> <span class='ocrx_word' id='word_1_26' title='bbox 210 840 295 910; x_wconf 79' lang='lat' dir='ltr'>licut</span> <span class='ocrx_word' id='word_1_27' title='bbox 323 837 400 931; x_wconf 87' lang='lat' dir='ltr'>ipse</span> <span class='ocrx_word' id='word_1_28' title='bbox 432 861 494 908; x_wconf 91' lang='lat' dir='ltr'>eos</span> <span class='ocrx_word' id='word_1_29' title='bbox 530 833 653 922; x_wconf 69' lang='lat' dir='ltr'>dilexit</span> <span class='ocrx_word' id='word_1_30' title='bbox 674 830 737 935; x_wconf 63' lang='lat' dir='ltr'>cl:</span> <span class='ocrx_word' id='word_1_31' title='bbox 775 844 842 913; x_wconf 81' lang='lat' dir='ltr'>Hoc</span> <span class='ocrx_word' id='word_1_32' title='bbox 872 856 920 907; x_wconf 83' lang='lat' dir='ltr'>est</span> <span class='ocrx_word' id='word_1_33' title='bbox 941 861 1118 929; x_wconf 72' lang='lat' dir='ltr'>praecpitem</span> 
     </span>
     <span class='ocr_line' id='line_1_6' title="bbox 100 945 1116 1042; baseline -0.004 -14"><span class='ocrx_word' id='word_1_34' title='bbox 100 984 219 1042; x_wconf 85' lang='lat' dir='ltr'>meum,</span> <span class='ocrx_word' id='word_1_35' title='bbox 247 975 283 1024; x_wconf 84' lang='lat' dir='ltr'>ut</span> <span class='ocrx_word' id='word_1_36' title='bbox 307 965 446 1038; x_wconf 80' lang='lat' dir='ltr'>diligatis</span> <span class='ocrx_word' id='word_1_37' title='bbox 466 964 616 1038; x_wconf 83' lang='lat' dir='ltr'>invitem,</span> <span class='ocrx_word' id='word_1_38' title='bbox 634 958 717 1037; x_wconf 83' lang='lat' dir='ltr'>ficut</span> <span class='ocrx_word' id='word_1_39' title='bbox 736 945 831 1022; x_wconf 71' lang='lat' dir='ltr'>dileri</span> <span class='ocrx_word' id='word_1_40' title='bbox 853 981 923 1028; x_wconf 82' lang='lat' dir='ltr'>vos.</span> <span class='ocrx_word' id='word_1_41' title='bbox 976 963 1116 1026; x_wconf 82' lang='lat' dir='ltr'>Maiorem</span> 
     </span>
     <span class='ocr_line' id='line_1_7' title="bbox 102 1078 1115 1164; baseline 0 -22"><span class='ocrx_word' id='word_1_42' title='bbox 102 1083 160 1142; x_wconf 84' lang='lat' dir='ltr'>hac</span> <span class='ocrx_word' id='word_1_43' title='bbox 181 1080 369 1155; x_wconf 78' lang='lat' dir='ltr'>dilectionem</span> <span class='ocrx_word' id='word_1_44' title='bbox 387 1099 472 1142; x_wconf 85' lang='lat' dir='ltr'>nemo</span> <span class='ocrx_word' id='word_1_45' title='bbox 485 1080 597 1154; x_wconf 84' lang='lat' dir='ltr'>liobet,</span> <span class='ocrx_word' id='word_1_46' title='bbox 619 1091 661 1139; x_wconf 86' lang='lat' dir='ltr'>ut·</span> <span class='ocrx_word' id='word_1_47' title='bbox 678 1082 814 1140; x_wconf 85' lang='lat' dir='ltr'>animam</span> <span class='ocrx_word' id='word_1_48' title='bbox 823 1078 925 1158; x_wconf 81' lang='lat' dir='ltr'>suom</span> <span class='ocrx_word' id='word_1_49' title='bbox 941 1095 1046 1163; x_wconf 83' lang='lat' dir='ltr'>ponat</span> <span class='ocrx_word' id='word_1_50' title='bbox 1060 1084 1115 1164; x_wconf 81' lang='lat' dir='ltr'>pais</span> 
     </span>
     <span class='ocr_line' id='line_1_8' title="bbox 97 1195 1112 1281; baseline 0 -25"><span class='ocrx_word' id='word_1_51' title='bbox 97 1216 157 1278; x_wconf 83' lang='lat' dir='ltr'>pro</span> <span class='ocrx_word' id='word_1_52' title='bbox 176 1198 285 1257; x_wconf 86' lang='lat' dir='ltr'>amicis</span> <span class='ocrx_word' id='word_1_53' title='bbox 293 1195 374 1274; x_wconf 85' lang='lat' dir='ltr'>sais.</span> <span class='ocrx_word' id='word_1_54' title='bbox 402 1199 460 1258; x_wconf 85' lang='lat' dir='ltr'>Vos</span> <span class='ocrx_word' id='word_1_55' title='bbox 477 1198 570 1256; x_wconf 84' lang='lat' dir='ltr'>amici</span> <span class='ocrx_word' id='word_1_56' title='bbox 589 1195 649 1255; x_wconf 85' lang='lat' dir='ltr'>mei</span> <span class='ocrx_word' id='word_1_57' title='bbox 665 1200 759 1272; x_wconf 79' lang='lat' dir='ltr'>estis,</span> <span class='ocrx_word' id='word_1_58' title='bbox 776 1199 803 1279; x_wconf 73' lang='lat' dir='ltr'>si</span> <span class='ocrx_word' id='word_1_59' title='bbox 808 1196 980 1276; x_wconf 79' lang='lat' dir='ltr'>feceritis,</span> <span class='ocrx_word' id='word_1_60' title='bbox 1000 1214 1112 1281; x_wconf 78' lang='lat' dir='ltr'>quaego</span> 
     </span>
     <span class='ocr_line' id='line_1_9' title="bbox 94 1303 1144 1400; baseline 0.003 -29"><span class='ocrx_word' id='word_1_61' title='bbox 94 1314 240 1394; x_wconf 67' lang='lat' dir='ltr'>praccipio</span> <span class='ocrx_word' id='word_1_62' title='bbox 264 1311 353 1374; x_wconf 83' lang='lat' dir='ltr'>nobis</span> <span class='ocrx_word' id='word_1_63' title='bbox 377 1325 433 1374; x_wconf 83' lang='lat' dir='ltr'>etc.</span> <span class='ocrx_word' id='word_1_64' title='bbox 484 1303 585 1375; x_wconf 91' lang='lat' dir='ltr'>Tum</span> <span class='ocrx_word' id='word_1_65' title='bbox 607 1329 694 1375; x_wconf 89' lang='lat' dir='ltr'>vero</span> <span class='ocrx_word' id='word_1_66' title='bbox 725 1303 860 1375; x_wconf 84' lang='lat' dir='ltr'>animos</span> <span class='ocrx_word' id='word_1_67' title='bbox 886 1329 1015 1387; x_wconf 83' lang='lat' dir='ltr'>eorum</span> <span class='ocrx_word' id='word_1_68' title='bbox 1042 1319 1111 1400; x_wconf 82' lang='lat' dir='ltr'>pra·</span> <span class='ocrx_word' id='word_1_69' title='bbox 1140 1354 1144 1363; x_wconf 79' lang='lat'><strong>·</strong></span> 
     </span>
     <span class='ocr_line' id='line_1_10' title="bbox 99 1420 1108 1517; baseline -0.002 -25"><span class='ocrx_word' id='word_1_70' title='bbox 99 1445 226 1517; x_wconf 87' lang='lat' dir='ltr'>parans</span> <span class='ocrx_word' id='word_1_71' title='bbox 254 1421 298 1492; x_wconf 89' lang='lat' dir='ltr'>ad</span> <span class='ocrx_word' id='word_1_72' title='bbox 323 1447 381 1508; x_wconf 85' lang='lat' dir='ltr'>ea,</span> <span class='ocrx_word' id='word_1_73' title='bbox 404 1422 488 1515; x_wconf 81' lang='lat' dir='ltr'>¹quac</span> <span class='ocrx_word' id='word_1_74' title='bbox 517 1423 577 1490; x_wconf 85' lang='lat' dir='ltr'>eos</span> <span class='ocrx_word' id='word_1_75' title='bbox 602 1420 794 1492; x_wconf 87' lang='lat' dir='ltr'>manebant</span> <span class='ocrx_word' id='word_1_76' title='bbox 818 1423 913 1492; x_wconf 91' lang='lat' dir='ltr'>rnala</span> <span class='ocrx_word' id='word_1_77' title='bbox 934 1448 955 1492; x_wconf 91' lang='lat' dir='ltr'>a</span> <span class='ocrx_word' id='word_1_78' title='bbox 980 1421 1108 1505; x_wconf 88' lang='lat' dir='ltr'>mundo,</span> 
     </span>
     <span class='ocr_line' id='line_1_11' title="bbox 100 1533 1150 1629; baseline -0.006 -18"><span class='ocrx_word' id='word_1_79' title='bbox 100 1558 142 1611; x_wconf 84' lang='lat' dir='ltr'>ut</span> <span class='ocrx_word' id='word_1_80' title='bbox 167 1537 311 1613; x_wconf 87' lang='lat' dir='ltr'>Christo</span> <span class='ocrx_word' id='word_1_81' title='bbox 336 1565 355 1610; x_wconf 86' lang='lat' dir='ltr'>a</span> <span class='ocrx_word' id='word_1_82' title='bbox 385 1536 540 1622; x_wconf 85' lang='lat' dir='ltr'>ludatis,</span> <span class='ocrx_word' id='word_1_83' title='bbox 576 1545 666 1620; x_wconf 78' lang='lat' dir='ltr'>Hac,</span> <span class='ocrx_word' id='word_1_84' title='bbox 703 1535 750 1607; x_wconf 88' lang='lat' dir='ltr'>ait</span> <span class='ocrx_word' id='word_1_85' title='bbox 778 1533 842 1626; x_wconf 79' lang='lat' dir='ltr'>li)‚·</span> <span class='ocrx_word' id='word_1_86' title='bbox 878 1549 994 1611; x_wconf 86' lang='lat' dir='ltr'>mando</span> <span class='ocrx_word' id='word_1_87' title='bbox 1019 1548 1109 1620; x_wconf 83' lang='lat' dir='ltr'>nolis,</span> <span class='ocrx_word' id='word_1_88' title='bbox 1148 1594 1150 1629; x_wconf 31' lang='lat' dir='ltr'>p</span> 
     </span>
     <span class='ocr_line' id='line_1_12' title="bbox 6 1654 1105 1751; baseline -0.004 -24"><span class='ocrx_word' id='word_1_89' title='bbox 6 1739 8 1751; x_wconf 47' lang='lat'>‚</span> <span class='ocrx_word' id='word_1_90' title='bbox 102 1677 139 1728; x_wconf 84' lang='lat' dir='ltr'>ut</span> <span class='ocrx_word' id='word_1_91' title='bbox 168 1667 307 1742; x_wconf 78' lang='lat' dir='ltr'>diligatis</span> <span class='ocrx_word' id='word_1_92' title='bbox 339 1666 479 1726; x_wconf 85' lang='lat' dir='ltr'>invicem.</span> <span class='ocrx_word' id='word_1_93' title='bbox 548 1654 582 1722; x_wconf 81' lang='lat' dir='ltr'>Si</span> <span class='ocrx_word' id='word_1_94' title='bbox 616 1664 747 1724; x_wconf 83' lang='lat' dir='ltr'>mundus</span> <span class='ocrx_word' id='word_1_95' title='bbox 774 1682 831 1748; x_wconf 66' lang='lat' dir='ltr'>vor</span> <span class='ocrx_word' id='word_1_96' title='bbox 862 1665 955 1741; x_wconf 81' lang='lat' dir='ltr'>odit,</span> <span class='ocrx_word' id='word_1_97' title='bbox 986 1663 1105 1743; x_wconf 82' lang='lat' dir='ltr'>scitote,</span> 
     </span>
     <span class='ocr_line' id='line_1_13' title="bbox 102 1756 1150 1871; baseline -0.009 -26"><span class='ocrx_word' id='word_1_98' title='bbox 102 1787 180 1867; x_wconf 76' lang='lat' dir='ltr'>quia</span> <span class='ocrx_word' id='word_1_99' title='bbox 210 1783 416 1863; x_wconf 71' lang='lat' dir='ltr'>ineptiorem</span> <span class='ocrx_word' id='word_1_100' title='bbox 447 1780 537 1841; x_wconf 83' lang='lat' dir='ltr'>vobis</span> <span class='ocrx_word' id='word_1_101' title='bbox 565 1780 635 1841; x_wconf 87' lang='lat' dir='ltr'>odio</span> <span class='ocrx_word' id='word_1_102' title='bbox 667 1780 777 1840; x_wconf 78' lang='lat' dir='ltr'>habuit</span> <span class='ocrx_word' id='word_1_103' title='bbox 806 1792 862 1844; x_wconf 84' lang='lat' dir='ltr'>etc.</span> <span class='ocrx_word' id='word_1_104' title='bbox 919 1769 1105 1866; x_wconf 59' lang='lat' dir='ltr'>xPostquam</span> <span class='ocrx_word' id='word_1_105' title='bbox 1147 1756 1150 1871; x_wconf 65' lang='lat' dir='ltr'>l</span> 
     </span>
     <span class='ocr_line' id='line_1_14' title="bbox 103 1874 1150 1984; baseline -0.009 -23"><span class='ocrx_word' id='word_1_106' title='bbox 103 1892 271 1977; x_wconf 83' lang='lat' dir='ltr'>dixisset,</span> <span class='ocrx_word' id='word_1_107' title='bbox 308 1887 385 1984; x_wconf 90' lang='lat' dir='ltr'>quis</span> <span class='ocrx_word' id='word_1_108' title='bbox 410 1906 501 1958; x_wconf 89' lang='lat' dir='ltr'>esset</span> <span class='ocrx_word' id='word_1_109' title='bbox 527 1887 704 1972; x_wconf 89' lang='lat' dir='ltr'>mundus,</span> <span class='ocrx_word' id='word_1_110' title='bbox 742 1906 776 1958; x_wconf 90' lang='lat' dir='ltr'>et</span> <span class='ocrx_word' id='word_1_111' title='bbox 797 1911 876 1981; x_wconf 87' lang='lat' dir='ltr'>quae</span> <span class='ocrx_word' id='word_1_112' title='bbox 904 1887 951 1959; x_wconf 83' lang='lat' dir='ltr'>ab</span> <span class='ocrx_word' id='word_1_113' title='bbox 979 1877 1102 1960; x_wconf 83' lang='lat' dir='ltr'>illotos</span> <span class='ocrx_word' id='word_1_114' title='bbox 1147 1874 1150 1917; x_wconf 77' lang='lat'>¹</span> 
     </span>
     <span class='ocr_line' id='line_1_15' title="bbox 101 2002 1103 2101; baseline -0.01 -21"><span class='ocrx_word' id='word_1_115' title='bbox 101 2011 193 2081; x_wconf 87' lang='lat' dir='ltr'>mala</span> <span class='ocrx_word' id='word_1_116' title='bbox 212 2023 473 2101; x_wconf 77' lang='lat' dir='ltr'>exspectarent,</span> <span class='ocrx_word' id='word_1_117' title='bbox 502 2003 631 2075; x_wconf 86' lang='lat' dir='ltr'>deluo</span> <span class='ocrx_word' id='word_1_118' title='bbox 662 2002 819 2076; x_wconf 86' lang='lat' dir='ltr'>discessu</span> <span class='ocrx_word' id='word_1_119' title='bbox 842 2004 888 2074; x_wconf 91' lang='lat' dir='ltr'>ad</span> <span class='ocrx_word' id='word_1_120' title='bbox 918 2003 1052 2077; x_wconf 87' lang='lat' dir='ltr'>Patrem</span> <span class='ocrx_word' id='word_1_121' title='bbox 1070 2023 1103 2070; x_wconf 81' lang='lat' dir='ltr'>ex</span> 
     </span>
     <span class='ocr_line' id='line_1_16' title="bbox 100 2114 1102 2218; baseline -0.004 -26"><span class='ocrx_word' id='word_1_122' title='bbox 100 2121 259 2194; x_wconf 87' lang='lat' dir='ltr'>adventu</span> <span class='ocrx_word' id='word_1_123' title='bbox 286 2118 448 2190; x_wconf 91' lang='lat' dir='ltr'>Paracliti</span> <span class='ocrx_word' id='word_1_124' title='bbox 472 2143 533 2190; x_wconf 90' lang='lat' dir='ltr'>eos</span> <span class='ocrx_word' id='word_1_125' title='bbox 554 2121 748 2207; x_wconf 82' lang='lat' dir='ltr'>solaturus,</span> <span class='ocrx_word' id='word_1_126' title='bbox 784 2130 889 2213; x_wconf 69' lang='lat' dir='ltr'>Quia,</span> <span class='ocrx_word' id='word_1_127' title='bbox 927 2114 1102 2218; x_wconf 77' lang='lat' dir='ltr'>inquito),</span> 
     </span>
     <span class='ocr_line' id='line_1_17' title="bbox 101 2244 1103 2328; baseline -0.007 -20"><span class='ocrx_word' id='word_1_128' title='bbox 101 2248 160 2308; x_wconf 77' lang='lat' dir='ltr'>liaec</span> <span class='ocrx_word' id='word_1_129' title='bbox 184 2247 303 2308; x_wconf 84' lang='lat' dir='ltr'>locatus</span> <span class='ocrx_word' id='word_1_130' title='bbox 323 2244 398 2323; x_wconf 86' lang='lat' dir='ltr'>sum</span> <span class='ocrx_word' id='word_1_131' title='bbox 422 2245 533 2321; x_wconf 82' lang='lat' dir='ltr'>vobis,</span> <span class='ocrx_word' id='word_1_132' title='bbox 570 2249 705 2308; x_wconf 83' lang='lat' dir='ltr'>tristitia</span> <span class='ocrx_word' id='word_1_133' title='bbox 730 2248 872 2328; x_wconf 82' lang='lat' dir='ltr'>implevit</span> <span class='ocrx_word' id='word_1_134' title='bbox 900 2267 954 2310; x_wconf 90' lang='lat' dir='ltr'>cor</span> <span class='ocrx_word' id='word_1_135' title='bbox 978 2260 1103 2309; x_wconf 79' lang='lat' dir='ltr'>oestrum.</span> 
     </span>
     <span class='ocr_line' id='line_1_18' title="bbox 102 2361 1105 2444; baseline -0.002 -20"><span class='ocrx_word' id='word_1_136' title='bbox 102 2363 162 2426; x_wconf 82' lang='lat' dir='ltr'>Sed</span> <span class='ocrx_word' id='word_1_137' title='bbox 189 2381 241 2439; x_wconf 80' lang='lat' dir='ltr'>ego</span> <span class='ocrx_word' id='word_1_138' title='bbox 255 2365 434 2438; x_wconf 67' lang='lat' dir='ltr'>veritatem</span> <span class='ocrx_word' id='word_1_139' title='bbox 460 2362 528 2440; x_wconf 84' lang='lat' dir='ltr'>dico</span> <span class='ocrx_word' id='word_1_140' title='bbox 557 2361 670 2424; x_wconf 81' lang='lat' dir='ltr'>vobis.-</span> <span class='ocrx_word' id='word_1_141' title='bbox 719 2364 844 2444; x_wconf 80' lang='lat' dir='ltr'>expedit</span> <span class='ocrx_word' id='word_1_142' title='bbox 866 2364 980 2441; x_wconf 81' lang='lat' dir='ltr'>uobis,</span> <span class='ocrx_word' id='word_1_143' title='bbox 1016 2375 1049 2428; x_wconf 79' lang='lat' dir='ltr'>rit</span> <span class='ocrx_word' id='word_1_144' title='bbox 1067 2375 1105 2434; x_wconf 78' lang='lat' dir='ltr'>ego</span> 
     </span>
     <span class='ocr_line' id='line_1_19' title="bbox 100 2460 1107 2556; baseline -0.004 -14"><span class='ocrx_word' id='word_1_145' title='bbox 100 2479 241 2542; x_wconf 71' lang='lat' dir='ltr'>cadara:</span> <span class='ocrx_word' id='word_1_146' title='bbox 277 2476 310 2538; x_wconf 86' lang='lat' dir='ltr'>Si</span> <span class='ocrx_word' id='word_1_147' title='bbox 332 2482 410 2540; x_wconf 84' lang='lat' dir='ltr'>enim</span> <span class='ocrx_word' id='word_1_148' title='bbox 434 2497 493 2540; x_wconf 86' lang='lat' dir='ltr'>noa</span> <span class='ocrx_word' id='word_1_149' title='bbox 518 2481 640 2556; x_wconf 74' lang='lat' dir='ltr'>attero,</span> <span class='ocrx_word' id='word_1_150' title='bbox 669 2480 845 2543; x_wconf 80' lang='lat' dir='ltr'>Paraclitus</span> <span class='ocrx_word' id='word_1_151' title='bbox 870 2499 931 2542; x_wconf 84' lang='lat' dir='ltr'>non</span> <span class='ocrx_word' id='word_1_152' title='bbox 958 2460 1058 2542; x_wconf 80' lang='lat' dir='ltr'>veniet</span> <span class='ocrx_word' id='word_1_153' title='bbox 1076 2471 1107 2536; x_wconf 80' lang='lat' dir='ltr'>ad</span> 
     </span>
     <span class='ocr_line' id='line_1_20' title="bbox 99 2578 1109 2673; baseline -0.007 -14"><span class='ocrx_word' id='word_1_154' title='bbox 99 2617 157 2660; x_wconf 84' lang='lat' dir='ltr'>nos</span> <span class='ocrx_word' id='word_1_155' title='bbox 169 2629 181 2672; x_wconf 90' lang='lat'>‚·</span> <span class='ocrx_word' id='word_1_156' title='bbox 216 2597 244 2657; x_wconf 83' lang='lat' dir='ltr'>si</span> <span class='ocrx_word' id='word_1_157' title='bbox 272 2608 377 2658; x_wconf 84' lang='lat' dir='ltr'>autem</span> <span class='ocrx_word' id='word_1_158' title='bbox 400 2597 525 2673; x_wconf 82' lang='lat' dir='ltr'>abiero,</span> <span class='ocrx_word' id='word_1_159' title='bbox 560 2599 686 2659; x_wconf 83' lang='lat' dir='ltr'>mittam</span> <span class='ocrx_word' id='word_1_160' title='bbox 716 2594 785 2658; x_wconf 81' lang='lat' dir='ltr'>cam</span> <span class='ocrx_word' id='word_1_161' title='bbox 815 2596 859 2657; x_wconf 85' lang='lat' dir='ltr'>ad</span> <span class='ocrx_word' id='word_1_162' title='bbox 884 2615 954 2661; x_wconf 86' lang='lat' dir='ltr'>oor.</span> <span class='ocrx_word' id='word_1_163' title='bbox 1028 2578 1109 2657; x_wconf 83' lang='lat' dir='ltr'>Alibi</span> 
     </span>
     <span class='ocr_line' id='line_1_21' title="bbox 100 2701 1111 2800; baseline -0.002 -27"><span class='ocrx_word' id='word_1_164' title='bbox 100 2701 265 2800; x_wconf 85' lang='lat' dir='ltr'>promisit</span> <span class='ocrx_word' id='word_1_165' title='bbox 291 2702 468 2798; x_wconf 81' lang='lat' dir='ltr'>discipulis</span> <span class='ocrx_word' id='word_1_166' title='bbox 492 2703 584 2789; x_wconf 86' lang='lat' dir='ltr'>luis,</span> <span class='ocrx_word' id='word_1_167' title='bbox 623 2730 659 2775; x_wconf 90' lang='lat' dir='ltr'>se</span> <span class='ocrx_word' id='word_1_168' title='bbox 688 2730 769 2791; x_wconf 86' lang='lat' dir='ltr'>cum</span> <span class='ocrx_word' id='word_1_169' title='bbox 799 2703 864 2779; x_wconf 88' lang='lat' dir='ltr'>illis</span> <span class='ocrx_word' id='word_1_170' title='bbox 888 2704 1046 2777; x_wconf 83' lang='lat' dir='ltr'>futurum</span> <span class='ocrx_word' id='word_1_171' title='bbox 1067 2724 1111 2773; x_wconf 90' lang='lat' dir='ltr'>us·</span> 
     </span>
     <span class='ocr_line' id='line_1_22' title="bbox 100 2806 1111 2915; baseline -0.004 -25"><span class='ocrx_word' id='word_1_172' title='bbox 100 2845 170 2915; x_wconf 90' lang='lat' dir='ltr'>que</span> <span class='ocrx_word' id='word_1_173' title='bbox 194 2806 245 2890; x_wconf 90' lang='lat' dir='ltr'>ad</span> <span class='ocrx_word' id='word_1_174' title='bbox 266 2819 610 2891; x_wconf 88' lang='lat' dir='ltr'>consummationem</span> <span class='ocrx_word' id='word_1_175' title='bbox 635 2821 771 2908; x_wconf 80' lang='lat' dir='ltr'>saeculi‚</span> <span class='ocrx_word' id='word_1_176' title='bbox 799 2820 858 2893; x_wconf 92' lang='lat' dir='ltr'>hic</span> <span class='ocrx_word' id='word_1_177' title='bbox 883 2841 1002 2895; x_wconf 92' lang='lat' dir='ltr'>autem</span> <span class='ocrx_word' id='word_1_178' title='bbox 1025 2817 1111 2893; x_wconf 85' lang='lat' dir='ltr'>toties</span> 
     </span>
     <span class='ocr_line' id='line_1_23' title="bbox 100 2917 1111 3034; baseline -0.004 -26"><span class='ocrx_word' id='word_1_179' title='bbox 100 2935 248 3032; x_wconf 89' lang='lat' dir='ltr'>repetit,</span> <span class='ocrx_word' id='word_1_180' title='bbox 277 2960 314 3007; x_wconf 87' lang='lat' dir='ltr'>se</span> <span class='ocrx_word' id='word_1_181' title='bbox 338 2935 526 3009; x_wconf 88' lang='lat' dir='ltr'>abiturum.</span> <span class='ocrx_word' id='word_1_182' title='bbox 571 2917 777 3034; x_wconf 80' lang='lat' dir='ltr'>Oportebat</span> <span class='ocrx_word' id='word_1_183' title='bbox 794 2937 978 3010; x_wconf 90' lang='lat' dir='ltr'>Christum</span> <span class='ocrx_word' id='word_1_184' title='bbox 1000 2935 1111 3032; x_wconf 87' lang='lat' dir='ltr'>nempe</span> 
     </span>
    </p>

    <p class='ocr_par' dir='ltr' id='par_1_3' title="bbox 56 3053 1115 3150">
     <span class='ocr_line' id='line_1_24' title="bbox 56 3053 1115 3150; baseline -0.003 -23"><span class='ocrx_word' id='word_1_185' title='bbox 56 3124 57 3127; x_wconf 74' lang='grc'>,</span> <span class='ocrx_word' id='word_1_186' title='bbox 100 3056 254 3126; x_wconf 87' lang='lat' dir='ltr'>humana</span> <span class='ocrx_word' id='word_1_187' title='bbox 281 3073 404 3125; x_wconf 89' lang='lat' dir='ltr'>natura</span> <span class='ocrx_word' id='word_1_188' title='bbox 422 3053 588 3142; x_wconf 80' lang='lat' dir='ltr'>indutum</span> <span class='ocrx_word' id='word_1_189' title='bbox 608 3074 694 3150; x_wconf 93' lang='lat' dir='ltr'>post</span> <span class='ocrx_word' id='word_1_190' title='bbox 715 3073 868 3126; x_wconf 91' lang='lat' dir='ltr'>mortem</span> <span class='ocrx_word' id='word_1_191' title='bbox 896 3074 933 3127; x_wconf 90' lang='lat' dir='ltr'>et</span> <span class='ocrx_word' id='word_1_192' title='bbox 956 3079 1115 3128; x_wconf 87' lang='lat' dir='ltr'>resurrec-</span> 
     </span>
    </p>

    <p class='ocr_par' dir='ltr' id='par_1_4' title="bbox 49 3162 1122 3731">
     <span class='ocr_line' id='line_1_25' title="bbox 49 3162 1116 3266; baseline 0.003 -23"><span class='ocrx_word' id='word_1_193' title='bbox 49 3162 51 3167; x_wconf 57' lang='grc'><strong>’</strong></span> <span class='ocrx_word' id='word_1_194' title='bbox 100 3171 233 3244; x_wconf 90' lang='lat' dir='ltr'>tionem</span> <span class='ocrx_word' id='word_1_195' title='bbox 251 3170 348 3242; x_wconf 90' lang='lat' dir='ltr'>suam</span> <span class='ocrx_word' id='word_1_196' title='bbox 368 3171 602 3266; x_wconf 89' lang='lat' dir='ltr'>corporaliter</span> <span class='ocrx_word' id='word_1_197' title='bbox 628 3173 757 3244; x_wconf 86' lang='lat' dir='ltr'>intrare</span> <span class='ocrx_word' id='word_1_198' title='bbox 779 3170 816 3242; x_wconf 92' lang='lat' dir='ltr'>in</span> <span class='ocrx_word' id='word_1_199' title='bbox 839 3171 990 3266; x_wconf 82' lang='lat' dir='ltr'>gloriam</span> <span class='ocrx_word' id='word_1_200' title='bbox 1012 3175 1116 3254; x_wconf 82' lang='lat' dir='ltr'>luam3</span> 
     </span>
     <span class='ocr_line' id='line_1_26' title="bbox 99 3288 1118 3386; baseline -0.004 -24"><span class='ocrx_word' id='word_1_201' title='bbox 99 3291 161 3386; x_wconf 92' lang='lat' dir='ltr'>qui</span> <span class='ocrx_word' id='word_1_202' title='bbox 194 3314 283 3363; x_wconf 87' lang='lat' dir='ltr'>vero</span> <span class='ocrx_word' id='word_1_203' title='bbox 320 3313 412 3366; x_wconf 91' lang='lat' dir='ltr'>unus</span> <span class='ocrx_word' id='word_1_204' title='bbox 453 3314 533 3360; x_wconf 90' lang='lat' dir='ltr'>cum</span> <span class='ocrx_word' id='word_1_205' title='bbox 572 3289 702 3384; x_wconf 89' lang='lat' dir='ltr'>Spiritu</span> <span class='ocrx_word' id='word_1_206' title='bbox 739 3290 862 3385; x_wconf 67' lang='lat' dir='ltr'>sancto</span> <span class='ocrx_word' id='word_1_207' title='bbox 900 3288 1052 3384; x_wconf 90' lang='lat' dir='ltr'>perinde</span> <span class='ocrx_word' id='word_1_208' title='bbox 1083 3312 1118 3360; x_wconf 91' lang='lat' dir='ltr'>ac</span> 
     </span>
     <span class='ocr_line' id='line_1_27' title="bbox 101 3405 1121 3502; baseline 0 -26"><span class='ocrx_word' id='word_1_209' title='bbox 101 3407 203 3479; x_wconf 88' lang='lat' dir='ltr'>Patre</span> <span class='ocrx_word' id='word_1_210' title='bbox 236 3405 339 3477; x_wconf 86' lang='lat' dir='ltr'>Deus</span> <span class='ocrx_word' id='word_1_211' title='bbox 372 3406 511 3502; x_wconf 88' lang='lat' dir='ltr'>semper</span> <span class='ocrx_word' id='word_1_212' title='bbox 545 3406 651 3478; x_wconf 91' lang='lat' dir='ltr'>nobis</span> <span class='ocrx_word' id='word_1_213' title='bbox 685 3407 871 3478; x_wconf 79' lang='lat' dir='ltr'>adfuturus</span> <span class='ocrx_word' id='word_1_214' title='bbox 906 3426 1020 3495; x_wconf 87' lang='lat' dir='ltr'>esset,</span> <span class='ocrx_word' id='word_1_215' title='bbox 1059 3406 1121 3479; x_wconf 88' lang='lat' dir='ltr'>iam</span> 
     </span>
     <span class='ocr_line' id='line_1_28' title="bbox 103 3521 1121 3620; baseline 0.002 -30"><span class='ocrx_word' id='word_1_216' title='bbox 103 3521 317 3614; x_wconf 85' lang='lat' dir='ltr'>singulariter</span> <span class='ocrx_word' id='word_1_217' title='bbox 343 3548 406 3620; x_wconf 90' lang='lat' dir='ltr'>per</span> <span class='ocrx_word' id='word_1_218' title='bbox 437 3522 665 3598; x_wconf 88' lang='lat' dir='ltr'>redemtionis</span> <span class='ocrx_word' id='word_1_219' title='bbox 695 3524 764 3596; x_wconf 86' lang='lat' dir='ltr'>luae</span> <span class='ocrx_word' id='word_1_220' title='bbox 791 3523 963 3618; x_wconf 84' lang='lat' dir='ltr'>gratiam,</span> <span class='ocrx_word' id='word_1_221' title='bbox 1000 3524 1046 3596; x_wconf 93' lang='lat' dir='ltr'>de</span> <span class='ocrx_word' id='word_1_222' title='bbox 1073 3522 1121 3598; x_wconf 84' lang='lat' dir='ltr'>his</span> 
     </span>
     <span class='ocr_line' id='line_1_29' title="bbox 102 3638 1122 3731; baseline 0.001 -20"><span class='ocrx_word' id='word_1_223' title='bbox 102 3656 218 3713; x_wconf 89' lang='lat' dir='ltr'>certos</span> <span class='ocrx_word' id='word_1_224' title='bbox 238 3659 271 3710; x_wconf 91' lang='lat' dir='ltr'>et</span> <span class='ocrx_word' id='word_1_225' title='bbox 287 3642 426 3713; x_wconf 87' lang='lat' dir='ltr'>securos</span> <span class='ocrx_word' id='word_1_226' title='bbox 448 3667 521 3713; x_wconf 90' lang='lat' dir='ltr'>esse</span> <span class='ocrx_word' id='word_1_227' title='bbox 538 3644 665 3713; x_wconf 89' lang='lat' dir='ltr'>volens</span> <span class='ocrx_word' id='word_1_228' title='bbox 688 3640 838 3726; x_wconf 83' lang='lat' dir='ltr'>„adhuc</span> <span class='ocrx_word' id='word_1_229' title='bbox 854 3643 986 3728; x_wconf 84' lang='lat' dir='ltr'>multa,</span> <span class='ocrx_word' id='word_1_230' title='bbox 1014 3643 1062 3714; x_wconf 91' lang='lat' dir='ltr'>ait</span> <span class='ocrx_word' id='word_1_231' title='bbox 1078 3638 1122 3731; x_wconf 83' lang='lat' dir='ltr'>d),</span> 
     </span>
    </p>

    <p class='ocr_par' dir='ltr' id='par_1_5' title="bbox 23 3754 1125 3854">
     <span class='ocr_line' id='line_1_30' title="bbox 23 3754 1125 3854; baseline 0 -24"><span class='ocrx_word' id='word_1_232' title='bbox 23 3839 30 3846; x_wconf 7' lang='lat' dir='ltr'>g</span> <span class='ocrx_word' id='word_1_233' title='bbox 73 3754 218 3830; x_wconf 80' lang='lat' dir='ltr'>liabeo</span> <span class='ocrx_word' id='word_1_234' title='bbox 253 3756 357 3827; x_wconf 90' lang='lat' dir='ltr'>vobis</span> <span class='ocrx_word' id='word_1_235' title='bbox 397 3758 540 3847; x_wconf 88' lang='lat' dir='ltr'>dicere,</span> <span class='ocrx_word' id='word_1_236' title='bbox 584 3759 647 3831; x_wconf 82' lang='lat' dir='ltr'>sed</span> <span class='ocrx_word' id='word_1_237' title='bbox 681 3784 756 3831; x_wconf 91' lang='lat' dir='ltr'>non</span> <span class='ocrx_word' id='word_1_238' title='bbox 796 3756 946 3854; x_wconf 79' lang='lat' dir='ltr'>potestis</span> <span class='ocrx_word' id='word_1_239' title='bbox 982 3780 1125 3854; x_wconf 87' lang='lat' dir='ltr'>portare</span> 
     </span>
    </p>
   </div>
   <div class='ocr_carea' id='block_1_3' title="bbox 35 3910 1046 4103">
    <p class='ocr_par' dir='ltr' id='par_1_6' title="bbox 35 3910 1046 4103">
     <span class='ocr_line' id='line_1_31' title="bbox 35 3910 1046 4103; baseline 0.007 -107"><span class='ocrx_word' id='word_1_240' title='bbox 35 4060 37 4063; x_wconf 16' lang='grc' dir='ltr'>Ι</span> <span class='ocrx_word' id='word_1_241' title='bbox 143 3937 342 4103; x_wconf 44' lang='lat' dir='ltr'>osiidii.</span> <span class='ocrx_word' id='word_1_242' title='bbox 360 3952 401 4009; x_wconf 76' lang='lat' dir='ltr'>rt.</span> <span class='ocrx_word' id='word_1_243' title='bbox 506 3940 536 4016; x_wconf 79' lang='lat' dir='ltr'>a)</span> <span class='ocrx_word' id='word_1_244' title='bbox 559 3940 598 3999; x_wconf 84' lang='lat' dir='ltr'>a.</span> <span class='ocrx_word' id='word_1_245' title='bbox 625 3956 683 4026; x_wconf 60' lang='grc'>«7.,</span> <span class='ocrx_word' id='word_1_246' title='bbox 782 3943 811 4020; x_wconf 64' lang='lat' dir='ltr'>a)</span> <span class='ocrx_word' id='word_1_247' title='bbox 835 3941 873 4083; x_wconf 70' lang='lat' dir='ltr'>ri.</span> <span class='ocrx_word' id='word_1_248' title='bbox 901 3928 994 4006; x_wconf 74' lang='lat' dir='ltr'>arar.</span> <span class='ocrx_word' id='word_1_249' title='bbox 1018 3910 1046 4004; x_wconf 77' lang='lat' dir='ltr'>t.</span> 
     </span>
    </p>
   </div>
   <div class='ocr_carea' id='block_1_4' title="bbox 0 0 1234 4560">
    <p class='ocr_par' dir='ltr' id='par_1_7' title="bbox 0 0 1234 4560">
     <span class='ocr_line' id='line_1_32' title="bbox 0 0 1234 4560; baseline 0 0"><span class='ocrx_word' id='word_1_250' title='bbox 0 0 1234 4560; x_wconf 95' lang='lat' dir='ltr'> </span> 
     </span>
    </p>
   </div>
  </div>
 </body>
</html>
