2460 4560
11 418 15 423 .
62 330 273 435 alienum-
293 324 404 450 stylo
428 327 638 449 plumbeo
664 335 714 425 in
731 330 886 426 scheda
906 331 1099 453 separata
1226 368 1228 376 ⁴

62 462 311 580 scripserit,
336 491 390 554 ‘Se
421 474 553 552 animo
577 474 715 574 potiar
737 474 906 554 aliorum
919 530 930 568 ,
959 475 1098 579 quiin
1209 559 1213 565 ,

44 595 188 715 studio
210 601 338 706 magis
359 604 516 683 versati
527 593 660 709 sunt,
688 603 944 709 diligentiam
953 597 1096 712 stimu-

23 720 24 725 ‘
63 733 204 824 tandi,
233 749 424 838 praesens
444 751 555 838 opus
573 720 874 828 elucubrasse,
904 737 1004 838 qaod
1023 761 1095 840 ego

62 865 224 944 tandem
246 853 411 969 freneco,
451 853 649 962 modeste
681 858 855 969 pergit,
897 888 984 942 cam
1016 864 1095 941 iam

60 989 174 1079 Deus
188 985 315 1101 signa
340 991 479 1072 mortis
503 992 858 1096 appropinquantis
884 992 1094 1094 apoplecti·

63 1149 105 1202 cn
130 1120 290 1202 insulta
309 1118 456 1200 leviori
474 1122 630 1225 quidem*
642 1122 740 1200 mihi
757 1123 950 1215 dedisset,
979 1147 1096 1202 earco-¹

62 1253 142 1334 lere
164 1251 260 1352 coepi
272 1305 288 1343 ‚a
313 1251 462 1332 caeteris
473 1241 624 1358 studiis
647 1269 688 1330 et
706 1250 1019 1352 occupationibus
1026 1241 1100 1357 ser

57 1382 231 1487 positis,
260 1379 396 1487 quihus
418 1393 492 1482 per
515 1398 640 1464 totam
647 1370 746 1495 fiae
762 1381 893 1466 vitam
899 1370 995 1490 sum
1012 1379 1093 1471 dis·¹
1220 1455 1225 1464 .

60 1529 231 1592 tractas.

15 1798 17 1802 ¹
66 1816 72 1824 ·
144 1760 382 1850 Piissimus·
406 1763 556 1878 itaque·
583 1760 714 1852 Pater
742 1775 915 1861 noster,
953 1786 1091 1876 quum

59 1891 268 2004 deinceps
293 1886 489 1977 filiorum
508 1894 679 1977 animos
699 1917 744 1978 se
765 1892 913 1980 verbis
934 1892 1093 1977 excita·

58 2049 106 2109 re
127 2019 183 2107 ad
201 2016 430 2106 sacratiora-
447 2015 586 2106 studia
603 2017 722 2108 haud
736 2048 866 2135 posse
884 2017 1090 2134 praevide-

58 2164 158 2250 ret,
181 2144 352 2262 scriptis
381 2147 427 2234 id
454 2161 738 2264 agerentque
768 2149 874 2248 odeo
903 2151 1092 2236 monitis

58 2278 331 2398 perennibus
346 2280 599 2380 eonstituit3
628 2280 764 2394 probe
783 2305 968 2392 gnarus,
995 2305 1088 2365 non

59 2405 182 2496 aliud
207 2434 326 2520 aeque
351 2403 598 2495 litterarum
614 2433 753 2520 genus
773 2405 1087 2525 repurgando,

47 2532 328 2627 excolendis.
347 2565 395 2623 ac
428 2531 651 2626 elevandis
676 2535 909 2625 hominum
932 2539 1087 2624 menti-

57 2667 143 2756 bus
176 2669 318 2779 magis
348 2676 647 2780 esseaptum,
676 2677 804 2781 atque
831 2669 1087 2754 continuam

56 2791 195 2884 facrae‘
216 2790 439 2908 scriptura
466 2791 705 2889 lectionem
738 2794 1085 2884 meditationem·

58 2953 170 3041 que:
200 2950 330 3039 quam
354 2951 489 3013 unam
514 2922 606 3013 iere
632 2937 839 3015 veterum
856 2921 1086 3011 monacho

57 3080 185 3153 mm,
222 3065 550 3169 ascetarumque
583 3044 725 3145 faisse
754 3056 1087 3168 occupationem

57 3183 252 3300 perbene
277 3185 445 3285 nostis,
470 3187 546 3300 qui
568 3182 673 3273 dum
688 3212 798 3298 pura
813 3178 1086 3297 fnnplicique
1210 3263 1213 3270 ,

55 3324 206 3400 mente
237 3310 416 3402 adeam
447 3324 751 3412 accesserunt,
781 3310 1084 3417 tantummdo

54 3439 198 3532 tulere
223 3438 441 3544 fructum,
468 3453 519 3530 ut
537 3470 629 3530 non
644 3441 893 3540 modocum
907 3445 1104 3532 morum

54 3567 281 3660 sanctitate
308 3583 404 3660 tum
434 3565 623 3659 scientiae
654 3567 782 3659 laude
813 3571 861 3657 in
890 3568 1084 3662 Ecclesia
1194 3666 1197 3673 ,

54 3697 143 3791 Dei
178 3710 387 3815 tanquam
408 3696 651 3789 luminaria
680 3713 842 3814 magna
875 3698 1084 3790 inclarue-

51 3833 145 3918 rint
160 3890 175 3929 ‚.
200 3825 274 3916 sed
301 3825 481 3943 plu-riam
511 3833 644 3920 etiam
673 3833 722 3918 in
754 3830 1081 3947 hierarcharum

53 3956 214 4063 adlecti
236 3957 440 4051 ordinem
462 3959 678 4054 haeresum
707 3961 1002 4052 confutatione
1029 3989 1080 4052 ac
