2460 4560
653 357 883 375 ψ

334 345 404 409 302

167 463 298 526 'emur
337 528 339 534 ,
405 468 460 543 Sic
482 468 583 542 etiam
610 493 736 540 aurora
756 468 826 541 dici
851 485 976 564 potest
1003 467 1035 541 S.
1059 470 1204 560 ioannes.

189 582 294 643 XVffl·
327 610 522 683 praecursor
553 584 686 656 Christi
714 585 796 656 solis
826 566 991 671 iustitiae,
1020 587 1084 681 qui
1110 591 1193 662 oritu-

168 697 312 755 *γ*
327 730 385 776 rus
406 703 604 799 praedicitur
624 700 785 773 Malach.
805 699 868 771 IV.
888 726 923 774 2
945 722 984 774 et
1001 729 1092 776 mox
1112 704 1192 792 V..

165 817 270 876 Aurora
325 819 420 897 Elius
442 839 634 904 venturus,
661 839 827 908 antequam
849 831 962 889 veniat
983 830 1051 891 dier
1075 830 1192 892 Domini.

163 899 284 1042 {322⁰
324 935 440 1008 Eliam
460 957 577 1013 autem
595 960 669 1005 esse
679 933 900 1005 ioannem
861 959 968 1061 ‚ipse
985 936 1093 1008 nobis
1109 938 1191 1016 Chri-

324 1070 397 1123 stus
430 1049 678 1136 denunciavit,
718 1048 779 1144 qui
807 1049 976 1122 nimirum
1014 1076 1090 1124 anre
1123 1064 1190 1125 ium

318 1178 447 1258 praeivit
473 1179 505 1235 in
521 1175 641 1261 spiritu
672 1187 702 1234 er
730 1178 848 1236 virtute
874 1175 976 1254 ΕΙὶιι,
999 1196 1122 1258 parare
1144 1179 1190 1239 aa

328 1296 411 1352 mino
438 1292 557 1371 plebem·
579 1291 751 1371 perfectam
778 1281 863 1352 Luc.
894 1282 921 1354 I.
960 1309 1019 1372 17.
1087 1288 1187 1381 Itaque

328 1423 462 1470 aurorae
497 1396 606 1469 instar
641 1397 821 1468 Christum
851 1398 962 1470 solem
1004 1403 1186 1496 praecessit:

331 1525 399 1584 Nou
426 1535 494 1585 crat
520 1523 570 1584 ille
598 1524 672 1599 lux,
700 1522 764 1601 sed
793 1537 829 1584 ut
860 1527 1078 1589 testimonium
1104 1530 1188 1609 perlu'·

326 1639 408 1706 hirec
440 1641 476 1702 de
510 1641 621 1701 lumine
656 1625 705 1718 u).
785 1631 838 1701 J0.
867 1611 914 1701 V.
948 1656 1010 1721 33.
1038 1656 1187 1708 autema

329 1746 473 1826 Christo
504 1747 672 1818 diciturl
659 1757 781 1818 lucerna
808 1757 975 1818 ardenter
1006 1760 1107 1857 tutem
1131 1778 1187 1822 non

327 1862 476 1960 proprio
502 1864 624 1958 utique
645 1864 729 1950 suo,
756 1860 816 1933 sed
837 1862 953 1933 solis
943 1852 1089 1939 rustitiae
1111 1867 1187 1940 lumi

328 2007 394 2077 ire,
421 1979 615 2074 praedicans
637 1978 878 2075 poenitentiam
898 1978 935 2048 in
959 1981 1194 2075 remissionem

328 2115 576 2192 peccaturum,
604 2096 649 2166 ad
674 2095 956 2169 satisfaciendum
984 2101 1119 2178 divinae
1141 2124 1185 2199 per

329 2211 508 2285 Christum
530 2211 673 2284 nemesi.

371 2399 563 2486 umba
