2460 4560
449 391 680 411 ——num

933 374 1003 447 ¹97

83 561 92 587 2
120 520 293 600 captum,
337 523 625 598 conceptumque
653 505 848 579 humanum
882 475 1006 603 pauc-iss
1034 503 1149 568 ΕΔΜ

82 619 95 688 i
119 621 281 717 explicat
298 618 331 691 S.
348 620 576 717 Theophilus
593 620 763 694 Antioch.
779 621 897 718 Episc.
917 623 1001 694 Saec.
1076 616 1100 671 ¹·

80 735 169 831 311.
199 737 246 808 ad
275 736 483 809 Autolicum
514 733 552 827 a)
585 740 706 832 quoad
736 725 1155 834 generationem&

80 882 95 923 t-
120 848 239 926 Verbi
257 874 442 939 aeternam,
463 872 626 925 etrerum
645 881 711 949 per
729 855 889 930 Ver-bum
910 883 1003 930 crea-

80 999 93 1039 ῑ
120 969 270 1044 tionem.
320 982 356 1042 ln
366 984 522 1062 principio
546 994 616 1042 erut
641 982 777 1062 Verbum.
824 973 1002 1066 „Quibus

80 1080 102 1159 .'
119 1088 266 1174 verbis,
293 1087 432 1183 inquit,
458 1088 614 1160 ostendit
632 1088 736 1160 initio
759 1091 873 1160 solum
895 1089 1001 1164 fuisse

121 1205 269 1292 Deum,
298 1203 394 1277 etin
423 1231 468 1276 eo
496 1205 676 1292 Verbum,
705 1226 779 1277 tum
804 1207 922 1284 addit:
961 1217 1003 1280 Et

82 1334 87 1341 '
122 1331 211 1394 Deus
231 1344 301 1394 erat
327 1331 476 1409 Verbum,
498 1335 602 1395 omnio
618 1351 678 1413 ptr
698 1335 798 1413 iptum
808 1331 1001 1412 factasunt,

121 1461 154 1514 et
168 1445 237 1526 stne
260 1451 326 1528 ipso
339 1447 467 1526 factum
492 1459 537 1510 ost
561 1448 648 1510 nihil.
709 1439 870 1512 Verbum
895 1439 1002 1535 igitur

122 1581 206 1630 cum
234 1554 337 1627 Deus
364 1549 430 1641 fit,
466 1574 565 1627 etex
590 1554 677 1627 Deo
704 1556 896 1651 genitum„
913 1556 1005 1628 illud

122 1670 230 1744 Pater
253 1672 521 1758 universorum,
549 1698 630 1743 cum
657 1673 705 1742 ita
730 1673 846 1745 visum
874 1672 1002 1759 fuerit,

121 1788 233 1862 mittit
251 1787 288 1859 in
312 1787 626 1883 aliquemlocum,
654 1813 727 1881 quo
752 1813 832 1860 cum
852 1786 1003 1874 venerit,

122 1906 286 1992 auditur,
324 1923 359 1977 ot
384 1904 526 1978 videtur
558 1904 701 1974 missum
728 1902 771 1974 ab
799 1929 864 1990 oo,
901 1921 938 1974 et
964 1902 1004 1973 in

124 2024 211 2095 loco
238 2021 429 2100 invonitur.
445 2023 467 2058 ‘⁶
526 2019 574 2090 Et
598 2018 629 2090 S.
661 2020 813 2092 Irenaeus
837 2016 897 2112 b):
932 2017 1003 2105 „Si

125 2159 244 2215 autem
279 2140 398 2210 credat
433 2135 510 2233 quis
542 2162 651 2218 unum
686 2135 831 2224 Deum,
871 2155 905 2219 et
940 2134 1003 2232 qui

123 2256 240 2330 verbo
259 2255 380 2329 omnia
395 2254 494 2341 fecit,
516 2254 815 2351 quemadmodum
836 2273 870 2326 et
888 2253 1005 2350 Moy«

124 2399 182 2449 ses
208 2372 276 2444 ait:
300 2382 395 2444 Dixit
415 2381 516 2457 Deus,
532 2379 596 2456 fiat
616 2382 690 2458 lux,
708 2393 739 2443 tt
752 2381 849 2459 sotto
869 2391 915 2442 est
933 2380 1002 2458 qu,

122 2489 164 2562 in
186 2489 388 2584 Evangelio
406 2487 576 2584 legimus:
604 2501 708 2562 omnio
719 2517 778 2578 per
796 2501 897 2578 ipsum
905 2495 1004 2576 sacto

111 2614 225 2696 sunt:
265 2625 300 2681 et
332 2609 513 2702 apostolus
544 2604 674 2676 Paulus
706 2603 884 2685 similiter:
924 2613 1004 2676 Unus
1116 2634 1121 2646 ·

124 2732 296 2808 Dominus,
315 2751 378 2792 uua
394 2729 470 2809 fides
484 2744 541 2797 etc.
593 2721 713 2807 „Post
731 2719 858 2793 deinde
879 2740 913 2793 et
931 2747 1007 2793 om-

124 2839 181 2913 nis
205 2840 318 2915 sermo
342 2838 373 2911 ei
396 2838 594 2925 constabit,
608 2837 646 2910 ‘si
667 2857 704 2910 et·
723 2838 908 2936 scripturas
931 2839 1006 2910 dili,

125 2974 254 3053 genter
284 2954 409 3050 legerit
438 2955 535 3051 apud
563 2981 649 3042 eos,
685 2955 747 3050 qui
776 2955 815 3027 in
843 2955 1006 3029 Ecclesia

122 3074 212 3147 sunt
238 3072 462 3170 presbyteri,
500 3073 597 3171 apud
618 3099 708 3168 quos
736 3092 787 3146 est
811 3072 1007 3170 apostolica

111 3186 312 3276 doctrina,
330 3190 630 3284 quemadmodum
650 3191 1009 3279 demonstravimus&

122 3305 234 3381 Hanc
258 3306 462 3403 apostolicae
481 3307 649 3379 doctrinae
669 3307 865 3379 firmitatem
886 3307 923 3377 in
942 3307 1009 3378 Ec·

122 3420 235 3498 clesia
260 3423 399 3516 (,‚cui,
426 3445 465 3497 ut
488 3425 528 3496 L.
552 3425 579 3495 Ι.
610 3450 639 3498 c.
661 3448 695 3512 4.
721 3452 756 3498 n.
784 3447 813 3495 1.
836 3423 1006 3518 loquitur,

121 3540 304 3638 apostoli,
333 3541 430 3635 quasi
455 3541 491 3614 iu
516 3541 774 3638 depositorium
795 3540 912 3627 diues,
934 3542 1007 3635 plo-

123 3657 274 3732 m'ssime
308 3656 346 3731 in
379 3684 454 3733 eam
492 3657 706 3731 contulerint
744 3657 890 3744 omnia,
923 3683 1007 3753 quau
1090 3650 1093 3657 ¹

119 3777 210 3869 {unt
229 3773 404 3852 veritatis:
439 3795 479 3848 ut
507 3777 642 3863 omnis,
671 3776 876 3872 quicunque
900 3777 1007 3864 velit,

120 3896 242 3968 sumat
263 3916 309 3962 ex
332 3917 372 3962 ea
388 3912 514 3988 potum
531 3894 612 3969 vitae
624 3894 673 3985 “)
699 3914 900 3968 constanter
923 3921 1009 3968 con¹

138 4081 142 4087 -
169 4041 338 4118 a)l.11.n.
353 4055 400 4102 22.
409 4057 434 4116 p.
450 4047 511 4112 365.
575 4045 605 4120 b)
619 4047 649 4104 L.
666 4049 908 4112 1V.controbaeret
925 4066 946 4106 c.
961 4059 1004 4116 32.
