<?xml version="1.0" encoding="UTF-8"?>
<!DOCTYPE html PUBLIC "-//W3C//DTD XHTML 1.0 Transitional//EN"
    "http://www.w3.org/TR/xhtml1/DTD/xhtml1-transitional.dtd">
<html xmlns="http://www.w3.org/1999/xhtml" xml:lang="en" lang="en">
 <head>
  <title>
</title>
<meta http-equiv="Content-Type" content="text/html;charset=utf-8" />
  <meta name='ocr-system' content='tesseract 3.04.00' />
  <meta name='ocr-capabilities' content='ocr_page ocr_carea ocr_par ocr_line ocrx_word'/>
</head>
<body>
  <div class='ocr_page' id='page_1' title='image "./desublimiinevan01gerbgoog_0323.png"; bbox 0 0 2460 4560; ppageno 0'>
   <div class='ocr_carea' id='block_1_1' title="bbox 159 355 1182 3858">
    <p class='ocr_par' dir='ltr' id='par_1_1' title="bbox 159 355 1182 1167">
     <span class='ocr_line' id='line_1_1' title="bbox 317 355 862 439; baseline 0.015 -20"><span class='ocrx_word' id='word_1_1' title='bbox 317 355 388 439; x_wconf 75' lang='lat'>298</span> <span class='ocrx_word' id='word_1_2' title='bbox 633 378 862 397; x_wconf 70' lang='lat'><strong>·-··-‘··</strong></span> 
     </span>
     <span class='ocr_line' id='line_1_2' title="bbox 166 489 1180 593; baseline 0.003 -29"><span class='ocrx_word' id='word_1_3' title='bbox 166 489 279 557; x_wconf 68' lang='lat' dir='ltr'>0⁴va</span> <span class='ocrx_word' id='word_1_4' title='bbox 303 506 461 593; x_wconf 66' lang='lat' dir='ltr'>gentes,</span> <span class='ocrx_word' id='word_1_5' title='bbox 490 520 536 566; x_wconf 89' lang='lat' dir='ltr'>an</span> <span class='ocrx_word' id='word_1_6' title='bbox 563 511 665 566; x_wconf 84' lang='lat' dir='ltr'>esset·</span> <span class='ocrx_word' id='word_1_7' title='bbox 684 491 867 580; x_wconf 88' lang='lat' dir='ltr'>Christus,</span> <span class='ocrx_word' id='word_1_8' title='bbox 896 519 942 564; x_wconf 89' lang='lat' dir='ltr'>an</span> <span class='ocrx_word' id='word_1_9' title='bbox 979 492 1101 580; x_wconf 87' lang='lat' dir='ltr'>Elias,</span> <span class='ocrx_word' id='word_1_10' title='bbox 1135 495 1180 592; x_wconf 84' lang='lat' dir='ltr'>qui</span> 
     </span>
     <span class='ocr_line' id='line_1_3' title="bbox 171 607 1180 709; baseline 0.004 -27"><span class='ocrx_word' id='word_1_11' title='bbox 171 607 276 664; x_wconf 76' lang='lat' dir='ltr'>XVffl·</span> <span class='ocrx_word' id='word_1_12' title='bbox 316 613 500 709; x_wconf 79' lang='lat' dir='ltr'>praeiturus</span> <span class='ocrx_word' id='word_1_13' title='bbox 517 631 592 683; x_wconf 84' lang='lat' dir='ltr'>erat</span> <span class='ocrx_word' id='word_1_14' title='bbox 607 608 801 695; x_wconf 78' lang='lat' dir='ltr'>Messinm,</span> <span class='ocrx_word' id='word_1_15' title='bbox 821 636 865 681; x_wconf 90' lang='lat' dir='ltr'>an</span> <span class='ocrx_word' id='word_1_16' title='bbox 885 611 977 683; x_wconf 89' lang='lat' dir='ltr'>alius</span> <span class='ocrx_word' id='word_1_17' title='bbox 996 613 1180 709; x_wconf 79' lang='lat' dir='ltr'>propheta?</span> 
     </span>
     <span class='ocr_line' id='line_1_4' title="bbox 159 721 1182 818; baseline 0.001 -17"><span class='ocrx_word' id='word_1_18' title='bbox 159 721 301 783; x_wconf 56' lang='lat' dir='ltr'>“W</span> <span class='ocrx_word' id='word_1_19' title='bbox 314 729 373 802; x_wconf 88' lang='lat' dir='ltr'>Eo</span> <span class='ocrx_word' id='word_1_20' title='bbox 392 750 509 801; x_wconf 92' lang='lat' dir='ltr'>autem</span> <span class='ocrx_word' id='word_1_21' title='bbox 526 729 604 800; x_wconf 87' lang='lat' dir='ltr'>haec</span> <span class='ocrx_word' id='word_1_22' title='bbox 623 725 743 798; x_wconf 90' lang='lat' dir='ltr'>omnia</span> <span class='ocrx_word' id='word_1_23' title='bbox 763 725 945 798; x_wconf 85' lang='lat' dir='ltr'>abnuente</span> <span class='ocrx_word' id='word_1_24' title='bbox 969 727 1033 818; x_wconf 84' lang='lat' dir='ltr'>a),</span> <span class='ocrx_word' id='word_1_25' title='bbox 1058 741 1182 802; x_wconf 78' lang='lat' dir='ltr'>dixemr</span> 
     </span>
     <span class='ocr_line' id='line_1_5' title="bbox 317 854 1182 939; baseline -0.001 -21"><span class='ocrx_word' id='word_1_26' title='bbox 317 874 386 930; x_wconf 78' lang='lat' dir='ltr'>ergo</span> <span class='ocrx_word' id='word_1_27' title='bbox 415 858 466 917; x_wconf 82' lang='lat' dir='ltr'>ei:</span> <span class='ocrx_word' id='word_1_28' title='bbox 494 858 564 938; x_wconf 84' lang='lat' dir='ltr'>quis</span> <span class='ocrx_word' id='word_1_29' title='bbox 590 873 640 930; x_wconf 86' lang='lat' dir='ltr'>es,</span> <span class='ocrx_word' id='word_1_30' title='bbox 661 864 697 914; x_wconf 83' lang='lat' dir='ltr'>ut</span> <span class='ocrx_word' id='word_1_31' title='bbox 719 871 894 932; x_wconf 82' lang='lat' dir='ltr'>responsum</span> <span class='ocrx_word' id='word_1_32' title='bbox 921 854 1034 917; x_wconf 85' lang='lat' dir='ltr'>demur</span> <span class='ocrx_word' id='word_1_33' title='bbox 1052 856 1121 934; x_wconf 78' lang='lat' dir='ltr'>Iris,</span> <span class='ocrx_word' id='word_1_34' title='bbox 1144 859 1182 939; x_wconf 77' lang='lat' dir='ltr'>qni</span> 
     </span>
     <span class='ocr_line' id='line_1_6' title="bbox 317 969 1181 1053; baseline -0.002 -19"><span class='ocrx_word' id='word_1_35' title='bbox 317 975 467 1035; x_wconf 77' lang='lat' dir='ltr'>miserunt</span> <span class='ocrx_word' id='word_1_36' title='bbox 479 971 557 1036; x_wconf 75' lang='lat' dir='ltr'>nos?</span> <span class='ocrx_word' id='word_1_37' title='bbox 573 969 784 1053; x_wconf 74' lang='lat' dir='ltr'>prriddicisdc</span> <span class='ocrx_word' id='word_1_38' title='bbox 797 969 932 1049; x_wconf 77' lang='lat' dir='ltr'>teipso?</span> <span class='ocrx_word' id='word_1_39' title='bbox 958 974 1040 1035; x_wconf 70' lang='lat' dir='ltr'>Ait.-</span> <span class='ocrx_word' id='word_1_40' title='bbox 1059 973 1124 1049; x_wconf 83' lang='lat' dir='ltr'>Ego</span> <span class='ocrx_word' id='word_1_41' title='bbox 1134 990 1181 1034; x_wconf 81' lang='lat' dir='ltr'>nox</span> 
     </span>
     <span class='ocr_line' id='line_1_7' title="bbox 318 1087 1182 1167; baseline 0.002 -17"><span class='ocrx_word' id='word_1_42' title='bbox 318 1090 483 1150; x_wconf 82' lang='lat' dir='ltr'>clamantis</span> <span class='ocrx_word' id='word_1_43' title='bbox 500 1091 533 1151; x_wconf 87' lang='lat' dir='ltr'>in</span> <span class='ocrx_word' id='word_1_44' title='bbox 548 1088 683 1148; x_wconf 81' lang='lat' dir='ltr'>deserto:</span> <span class='ocrx_word' id='word_1_45' title='bbox 701 1087 825 1161; x_wconf 79' lang='lat' dir='ltr'><em>dirigite</em></span> <span class='ocrx_word' id='word_1_46' title='bbox 842 1088 931 1148; x_wconf 81' lang='lat' dir='ltr'>oium</span> <span class='ocrx_word' id='word_1_47' title='bbox 957 1088 1110 1167; x_wconf 82' lang='lat' dir='ltr'><em>Domini,</em></span> <span class='ocrx_word' id='word_1_48' title='bbox 1119 1087 1182 1167; x_wconf 79' lang='lat' dir='ltr'>fient</span> 
     </span>
    </p>

    <p class='ocr_par' dir='ltr' id='par_1_2' title="bbox 228 1191 1179 1405">
     <span class='ocr_line' id='line_1_8' title="bbox 228 1191 1179 1283; baseline 0.006 -19"><span class='ocrx_word' id='word_1_49' title='bbox 228 1230 231 1235; x_wconf 54' lang='lat'><strong><em>¹</em></strong></span> <span class='ocrx_word' id='word_1_50' title='bbox 287 1240 289 1244; x_wconf 55' lang='lat'>&gt;</span> <span class='ocrx_word' id='word_1_51' title='bbox 318 1207 404 1272; x_wconf 80' lang='lat' dir='ltr'>dixit</span> <span class='ocrx_word' id='word_1_52' title='bbox 436 1205 535 1268; x_wconf 81' lang='lat' dir='ltr'>Isaias</span> <span class='ocrx_word' id='word_1_53' title='bbox 560 1203 725 1283; x_wconf 79' lang='lat' dir='ltr'>propheta.</span> <span class='ocrx_word' id='word_1_54' title='bbox 775 1191 932 1267; x_wconf 48' lang='lat' dir='ltr'>*Locum</span> <span class='ocrx_word' id='word_1_55' title='bbox 971 1195 1075 1270; x_wconf 89' lang='lat' dir='ltr'>hunc</span> <span class='ocrx_word' id='word_1_56' title='bbox 1104 1197 1179 1270; x_wconf 76' lang='lat' dir='ltr'>Istic</span> 
     </span>
     <span class='ocr_line' id='line_1_9' title="bbox 318 1309 1177 1405; baseline 0 -21"><span class='ocrx_word' id='word_1_57' title='bbox 318 1310 400 1389; x_wconf 90' lang='lat' dir='ltr'>XL.</span> <span class='ocrx_word' id='word_1_58' title='bbox 433 1335 464 1398; x_wconf 83' lang='lat'>3.</span> <span class='ocrx_word' id='word_1_59' title='bbox 490 1310 540 1381; x_wconf 52' lang='lat' dir='ltr'>*ad</span> <span class='ocrx_word' id='word_1_60' title='bbox 574 1335 684 1381; x_wconf 91' lang='lat' dir='ltr'>unum</span> <span class='ocrx_word' id='word_1_61' title='bbox 715 1309 952 1405; x_wconf 84' lang='lat' dir='ltr'>Evangelistae</span> <span class='ocrx_word' id='word_1_62' title='bbox 992 1339 1121 1386; x_wconf 86' lang='lat' dir='ltr'>omnes</span> <span class='ocrx_word' id='word_1_63' title='bbox 1146 1314 1177 1385; x_wconf 88' lang='lat' dir='ltr'>dt</span> 
     </span>
    </p>

    <p class='ocr_par' dir='ltr' id='par_1_3' title="bbox 319 1425 1178 1529">
     <span class='ocr_line' id='line_1_10' title="bbox 319 1425 1178 1529; baseline 0.003 -29"><span class='ocrx_word' id='word_1_64' title='bbox 319 1429 350 1499; x_wconf 87' lang='lat' dir='ltr'>S.</span> <span class='ocrx_word' id='word_1_65' title='bbox 385 1429 522 1500; x_wconf 88' lang='lat' dir='ltr'>Joanne</span> <span class='ocrx_word' id='word_1_66' title='bbox 551 1452 772 1522; x_wconf 86' lang='lat' dir='ltr'>praecursore</span> <span class='ocrx_word' id='word_1_67' title='bbox 803 1425 960 1497; x_wconf 87' lang='lat' dir='ltr'>Domini</span> <span class='ocrx_word' id='word_1_68' title='bbox 995 1431 1178 1529; x_wconf 78' lang='lat' dir='ltr'>accipiunt,</span> 
     </span>
    </p>

    <p class='ocr_par' dir='ltr' id='par_1_4' title="bbox 317 1541 1179 1642">
     <span class='ocr_line' id='line_1_11' title="bbox 317 1541 1179 1642; baseline 0.007 -27"><span class='ocrx_word' id='word_1_69' title='bbox 317 1570 384 1616; x_wconf 87' lang='lat' dir='ltr'>nec</span> <span class='ocrx_word' id='word_1_70' title='bbox 412 1543 620 1616; x_wconf 87' lang='lat' dir='ltr'><strong>concinnius</strong></span> <span class='ocrx_word' id='word_1_71' title='bbox 651 1541 782 1636; x_wconf 89' lang='lat' dir='ltr'>aliquid</span> <span class='ocrx_word' id='word_1_72' title='bbox 809 1543 1073 1642; x_wconf 81' lang='lat' dir='ltr'>sublimiusque</span> <span class='ocrx_word' id='word_1_73' title='bbox 1099 1573 1179 1620; x_wconf 77' lang='lat' dir='ltr'>exto</span> 
     </span>
    </p>

    <p class='ocr_par' dir='ltr' id='par_1_5' title="bbox 317 1659 1178 1757">
     <span class='ocr_line' id='line_1_12' title="bbox 317 1659 1178 1757; baseline 0.003 -26"><span class='ocrx_word' id='word_1_74' title='bbox 317 1661 420 1757; x_wconf 85' lang='lat' dir='ltr'>gitari</span> <span class='ocrx_word' id='word_1_75' title='bbox 441 1659 557 1756; x_wconf 86' lang='lat' dir='ltr'>potuit</span> <span class='ocrx_word' id='word_1_76' title='bbox 577 1659 623 1730; x_wconf 92' lang='lat' dir='ltr'>ad</span> <span class='ocrx_word' id='word_1_77' title='bbox 645 1659 902 1754; x_wconf 83' lang='lat' dir='ltr'>designandum</span> <span class='ocrx_word' id='word_1_78' title='bbox 927 1660 1008 1734; x_wconf 90' lang='lat' dir='ltr'>eius</span> <span class='ocrx_word' id='word_1_79' title='bbox 1032 1663 1178 1738; x_wconf 85' lang='lat' dir='ltr'>officium.</span> 
     </span>
    </p>

    <p class='ocr_par' dir='ltr' id='par_1_6' title="bbox 249 1775 1180 2229">
     <span class='ocr_line' id='line_1_13' title="bbox 249 1775 1179 1877; baseline -0.001 -25"><span class='ocrx_word' id='word_1_80' title='bbox 249 1859 253 1863; x_wconf 57' lang='grc'><strong>,</strong></span> <span class='ocrx_word' id='word_1_81' title='bbox 319 1779 416 1852; x_wconf 91' lang='lat' dir='ltr'>Rem</span> <span class='ocrx_word' id='word_1_82' title='bbox 439 1779 495 1851; x_wconf 89' lang='lat' dir='ltr'>SS.</span> <span class='ocrx_word' id='word_1_83' title='bbox 513 1777 657 1852; x_wconf 88' lang='lat' dir='ltr'>Patrnm</span> <span class='ocrx_word' id='word_1_84' title='bbox 680 1776 797 1848; x_wconf 88' lang='lat' dir='ltr'>verbis</span> <span class='ocrx_word' id='word_1_85' title='bbox 817 1775 1103 1871; x_wconf 81' lang='lat' dir='ltr'>explicabimus,</span> <span class='ocrx_word' id='word_1_86' title='bbox 1129 1805 1179 1877; x_wconf 88' lang='lat' dir='ltr'>qut</span> 
     </span>
     <span class='ocr_line' id='line_1_14' title="bbox 319 1893 1180 1990; baseline 0 -21"><span class='ocrx_word' id='word_1_87' title='bbox 319 1895 455 1969; x_wconf 87' lang='lat' dir='ltr'>ratione</span> <span class='ocrx_word' id='word_1_88' title='bbox 482 1893 513 1966; x_wconf 89' lang='lat' dir='ltr'>S.</span> <span class='ocrx_word' id='word_1_89' title='bbox 539 1893 693 1975; x_wconf 83' lang='lat' dir='ltr'>Joannes</span> <span class='ocrx_word' id='word_1_90' title='bbox 719 1919 786 1965; x_wconf 91' lang='lat' dir='ltr'>ceu</span> <span class='ocrx_word' id='word_1_91' title='bbox 812 1918 913 1981; x_wconf 74' lang='lat' dir='ltr'>vois,</span> <span class='ocrx_word' id='word_1_92' title='bbox 955 1921 1040 1990; x_wconf 81' lang='lat' dir='ltr'>quae</span> <span class='ocrx_word' id='word_1_93' title='bbox 1072 1900 1117 1972; x_wconf 92' lang='lat' dir='ltr'>ad</span> <span class='ocrx_word' id='word_1_94' title='bbox 1140 1924 1180 1971; x_wconf 84' lang='lat' dir='ltr'>ex·</span> 
     </span>
     <span class='ocr_line' id='line_1_15' title="bbox 317 2000 1179 2107; baseline 0.006 -26"><span class='ocrx_word' id='word_1_95' title='bbox 317 2012 543 2107; x_wconf 88' lang='lat' dir='ltr'>primendum</span> <span class='ocrx_word' id='word_1_96' title='bbox 567 2000 715 2084; x_wconf 64' lang='lat' dir='ltr'>ierbum</span> <span class='ocrx_word' id='word_1_97' title='bbox 737 2011 797 2081; x_wconf 86' lang='lat' dir='ltr'>seu</span> <span class='ocrx_word' id='word_1_98' title='bbox 823 2032 1050 2106; x_wconf 90' lang='lat' dir='ltr'>conceptum</span> <span class='ocrx_word' id='word_1_99' title='bbox 1076 2013 1179 2086; x_wconf 85' lang='lat' dir='ltr'>mentis</span> 
     </span>
     <span class='ocr_line' id='line_1_16' title="bbox 318 2117 1179 2229; baseline 0.008 -31"><span class='ocrx_word' id='word_1_100' title='bbox 318 2124 521 2222; x_wconf 84' lang='lat' dir='ltr'>comparata</span> <span class='ocrx_word' id='word_1_101' title='bbox 548 2137 621 2213; x_wconf 85' lang='lat' dir='ltr'>est,</span> <span class='ocrx_word' id='word_1_102' title='bbox 658 2152 724 2198; x_wconf 92' lang='lat' dir='ltr'>ceu</span> <span class='ocrx_word' id='word_1_103' title='bbox 753 2153 828 2198; x_wconf 87' lang='lat' dir='ltr'>vox</span> <span class='ocrx_word' id='word_1_104' title='bbox 857 2127 1012 2223; x_wconf 89' lang='lat' dir='ltr'>inquam</span> <span class='ocrx_word' id='word_1_105' title='bbox 1045 2117 1179 2229; x_wconf 79' lang='lat' dir='ltr'>pertran</span> 
     </span>
    </p>

    <p class='ocr_par' dir='ltr' id='par_1_7' title="bbox 314 2242 1180 2580">
     <span class='ocr_line' id='line_1_17' title="bbox 317 2242 1178 2340; baseline 0.005 -26"><span class='ocrx_word' id='word_1_106' title='bbox 317 2244 410 2315; x_wconf 90' lang='lat' dir='ltr'>siens</span> <span class='ocrx_word' id='word_1_107' title='bbox 429 2242 589 2314; x_wconf 86' lang='lat' dir='ltr'>Verbum</span> <span class='ocrx_word' id='word_1_108' title='bbox 611 2263 780 2315; x_wconf 85' lang='lat' dir='ltr'>aeternum</span> <span class='ocrx_word' id='word_1_109' title='bbox 801 2243 1036 2340; x_wconf 87' lang='lat' dir='ltr'>inmundum</span> <span class='ocrx_word' id='word_1_110' title='bbox 1052 2249 1178 2322; x_wconf 85' lang='lat' dir='ltr'>venient</span> 
     </span>
     <span class='ocr_line' id='line_1_18' title="bbox 315 2357 1179 2457; baseline 0.007 -27"><span class='ocrx_word' id='word_1_111' title='bbox 315 2359 611 2457; x_wconf 81' lang='lat' dir='ltr'>praenuntiaverit.</span> <span class='ocrx_word' id='word_1_112' title='bbox 676 2359 706 2430; x_wconf 87' lang='lat' dir='ltr'>S.</span> <span class='ocrx_word' id='word_1_113' title='bbox 734 2357 957 2456; x_wconf 82' lang='lat' dir='ltr'>Augustinus</span> <span class='ocrx_word' id='word_1_114' title='bbox 988 2365 1096 2439; x_wconf 90' lang='lat' dir='ltr'>altius</span> <span class='ocrx_word' id='word_1_115' title='bbox 1126 2388 1179 2437; x_wconf 86' lang='lat' dir='ltr'>reu</span> 
     </span>
     <span class='ocr_line' id='line_1_19' title="bbox 314 2475 1180 2580; baseline 0.005 -32"><span class='ocrx_word' id='word_1_116' title='bbox 314 2475 442 2572; x_wconf 89' lang='lat' dir='ltr'>repetit</span> <span class='ocrx_word' id='word_1_117' title='bbox 466 2475 511 2546; x_wconf 87' lang='lat' dir='ltr'>ab</span> <span class='ocrx_word' id='word_1_118' title='bbox 537 2475 617 2570; x_wconf 88' lang='lat' dir='ltr'>ipso</span> <span class='ocrx_word' id='word_1_119' title='bbox 641 2496 742 2549; x_wconf 91' lang='lat' dir='ltr'>muto</span> <span class='ocrx_word' id='word_1_120' title='bbox 765 2479 931 2550; x_wconf 85' lang='lat' dir='ltr'>Zacharia</span> <span class='ocrx_word' id='word_1_121' title='bbox 960 2481 1115 2556; x_wconf 88' lang='lat' dir='ltr'>Joannis</span> <span class='ocrx_word' id='word_1_122' title='bbox 1138 2508 1180 2580; x_wconf 81' lang='lat' dir='ltr'>pt·</span> 
     </span>
    </p>

    <p class='ocr_par' dir='ltr' id='par_1_8' title="bbox 315 2591 1179 2686">
     <span class='ocr_line' id='line_1_20' title="bbox 315 2591 1179 2686; baseline 0.007 -22"><span class='ocrx_word' id='word_1_123' title='bbox 315 2612 385 2664; x_wconf 88' lang='lat' dir='ltr'>tre:</span> <span class='ocrx_word' id='word_1_124' title='bbox 429 2592 562 2679; x_wconf 85' lang='lat' dir='ltr'>„Hoc‚</span> <span class='ocrx_word' id='word_1_125' title='bbox 593 2591 708 2686; x_wconf 88' lang='lat' dir='ltr'>inquit</span> <span class='ocrx_word' id='word_1_126' title='bbox 738 2593 844 2665; x_wconf 88' lang='lat' dir='ltr'>Serm.</span> <span class='ocrx_word' id='word_1_127' title='bbox 875 2595 956 2665; x_wconf 89' lang='lat' dir='ltr'>VII.</span> <span class='ocrx_word' id='word_1_128' title='bbox 998 2600 1047 2671; x_wconf 91' lang='lat' dir='ltr'>de</span> <span class='ocrx_word' id='word_1_129' title='bbox 1081 2601 1113 2672; x_wconf 90' lang='lat' dir='ltr'>S.</span> <span class='ocrx_word' id='word_1_130' title='bbox 1140 2600 1179 2672; x_wconf 83' lang='lat' dir='ltr'>Jo</span> 
     </span>
    </p>

    <p class='ocr_par' dir='ltr' id='par_1_9' title="bbox 311 2706 1179 2931">
     <span class='ocr_line' id='line_1_21' title="bbox 313 2706 1179 2813; baseline 0.009 -32"><span class='ocrx_word' id='word_1_131' title='bbox 313 2736 405 2782; x_wconf 90' lang='lat' dir='ltr'>anne</span> <span class='ocrx_word' id='word_1_132' title='bbox 427 2706 485 2799; x_wconf 84' lang='lat' dir='ltr'>b),</span> <span class='ocrx_word' id='word_1_133' title='bbox 512 2759 534 2794; x_wconf 80' lang='lat'>‚,</span> <span class='ocrx_word' id='word_1_134' title='bbox 545 2709 644 2804; x_wconf 90' lang='lat' dir='ltr'>quod</span> <span class='ocrx_word' id='word_1_135' title='bbox 664 2709 794 2782; x_wconf 80' lang='lat' dir='ltr'>factum</span> <span class='ocrx_word' id='word_1_136' title='bbox 818 2732 888 2798; x_wconf 85' lang='lat' dir='ltr'>est,</span> <span class='ocrx_word' id='word_1_137' title='bbox 912 2713 1006 2785; x_wconf 82' lang='lat' dir='ltr'>refer</span> <span class='ocrx_word' id='word_1_138' title='bbox 1029 2718 1079 2788; x_wconf 91' lang='lat' dir='ltr'>ad</span> <span class='ocrx_word' id='word_1_139' title='bbox 1101 2714 1179 2813; x_wconf 77' lang='lat' dir='ltr'>signi</span> 
     </span>
     <span class='ocr_line' id='line_1_22' title="bbox 311 2825 1178 2931; baseline 0.007 -34"><span class='ocrx_word' id='word_1_140' title='bbox 311 2825 514 2898; x_wconf 84' lang='lat' dir='ltr'>ficatibnem</span> <span class='ocrx_word' id='word_1_141' title='bbox 539 2851 677 2912; x_wconf 89' lang='lat' dir='ltr'>rerum,</span> <span class='ocrx_word' id='word_1_142' title='bbox 707 2846 741 2898; x_wconf 90' lang='lat' dir='ltr'>et</span> <span class='ocrx_word' id='word_1_143' title='bbox 762 2826 845 2899; x_wconf 89' lang='lat' dir='ltr'>vide</span> <span class='ocrx_word' id='word_1_144' title='bbox 869 2854 1045 2922; x_wconf 84' lang='lat' dir='ltr'>magnum</span> <span class='ocrx_word' id='word_1_145' title='bbox 1073 2840 1178 2931; x_wconf 82' lang='lat' dir='ltr'>myste-</span> 
     </span>
    </p>

    <p class='ocr_par' dir='ltr' id='par_1_10' title="bbox 312 2942 1177 3034">
     <span class='ocr_line' id='line_1_23' title="bbox 312 2942 1177 3034; baseline 0.01 -22"><span class='ocrx_word' id='word_1_146' title='bbox 312 2943 412 3013; x_wconf 86' lang='lat' dir='ltr'>rium.</span> <span class='ocrx_word' id='word_1_147' title='bbox 465 2942 650 3015; x_wconf 85' lang='lat' dir='ltr'>Zacharias</span> <span class='ocrx_word' id='word_1_148' title='bbox 677 2962 791 3028; x_wconf 85' lang='lat' dir='ltr'>tacet,</span> <span class='ocrx_word' id='word_1_149' title='bbox 821 2963 855 3015; x_wconf 89' lang='lat' dir='ltr'>et</span> <span class='ocrx_word' id='word_1_150' title='bbox 884 2946 1016 3020; x_wconf 86' lang='lat' dir='ltr'>amittit</span> <span class='ocrx_word' id='word_1_151' title='bbox 1043 2977 1177 3034; x_wconf 81' lang='lat' dir='ltr'>vocem.</span> 
     </span>
    </p>

    <p class='ocr_par' dir='ltr' id='par_1_11' title="bbox 310 3058 1179 3156">
     <span class='ocr_line' id='line_1_24' title="bbox 310 3058 1179 3156; baseline 0.014 -27"><span class='ocrx_word' id='word_1_152' title='bbox 310 3061 428 3135; x_wconf 89' lang='lat' dir='ltr'>donec</span> <span class='ocrx_word' id='word_1_153' title='bbox 458 3058 613 3129; x_wconf 77' lang='lat' dir='ltr'>ioannes</span> <span class='ocrx_word' id='word_1_154' title='bbox 647 3081 849 3133; x_wconf 84' lang='lat' dir='ltr'>nasceretur</span> <span class='ocrx_word' id='word_1_155' title='bbox 879 3087 1088 3156; x_wconf 77' lang='lat' dir='ltr'>praecursor</span> <span class='ocrx_word' id='word_1_156' title='bbox 1120 3068 1179 3140; x_wconf 77' lang='lat' dir='ltr'>Do</span> 
     </span>
    </p>

    <p class='ocr_par' dir='ltr' id='par_1_12' title="bbox 306 3174 1179 3506">
     <span class='ocr_line' id='line_1_25' title="bbox 309 3174 1179 3271; baseline 0.008 -24"><span class='ocrx_word' id='word_1_157' title='bbox 309 3175 416 3260; x_wconf 87' lang='lat' dir='ltr'>mini,</span> <span class='ocrx_word' id='word_1_158' title='bbox 437 3192 471 3246; x_wconf 86' lang='lat' dir='ltr'>ot</span> <span class='ocrx_word' id='word_1_159' title='bbox 488 3174 640 3268; x_wconf 87' lang='lat' dir='ltr'>aperiret</span> <span class='ocrx_word' id='word_1_160' title='bbox 660 3202 798 3257; x_wconf 73' lang='lat' dir='ltr'>vocem,</span> <span class='ocrx_word' id='word_1_161' title='bbox 827 3177 925 3271; x_wconf 79' lang='lat' dir='ltr'>Quid</span> <span class='ocrx_word' id='word_1_162' title='bbox 943 3200 998 3252; x_wconf 91' lang='lat' dir='ltr'>est</span> <span class='ocrx_word' id='word_1_163' title='bbox 1017 3184 1179 3259; x_wconf 76' lang='lat' dir='ltr'>suentium</span> 
     </span>
     <span class='ocr_line' id='line_1_26' title="bbox 309 3290 1178 3389; baseline 0.007 -25"><span class='ocrx_word' id='word_1_164' title='bbox 309 3290 510 3378; x_wconf 82' lang='lat' dir='ltr'>Zachariae,</span> <span class='ocrx_word' id='word_1_165' title='bbox 550 3291 617 3383; x_wconf 81' lang='lat' dir='ltr'>nisi</span> <span class='ocrx_word' id='word_1_166' title='bbox 646 3294 836 3389; x_wconf 90' lang='lat' dir='ltr'>prophetia</span> <span class='ocrx_word' id='word_1_167' title='bbox 862 3299 1000 3385; x_wconf 87' lang='lat' dir='ltr'>latens,</span> <span class='ocrx_word' id='word_1_168' title='bbox 1047 3323 1089 3376; x_wconf 82' lang='lat' dir='ltr'>et</span> <span class='ocrx_word' id='word_1_169' title='bbox 1116 3323 1178 3376; x_wconf 78' lang='lat' dir='ltr'>ante</span> 
     </span>
     <span class='ocr_line' id='line_1_27' title="bbox 306 3408 1179 3506; baseline 0.014 -27"><span class='ocrx_word' id='word_1_170' title='bbox 306 3408 597 3506; x_wconf 82' lang='lat' dir='ltr'>praedicationem</span> <span class='ocrx_word' id='word_1_171' title='bbox 623 3408 753 3482; x_wconf 87' lang='lat' dir='ltr'>Christi</span> <span class='ocrx_word' id='word_1_172' title='bbox 777 3411 1059 3505; x_wconf 89' lang='lat' dir='ltr'>quodammodo</span> <span class='ocrx_word' id='word_1_173' title='bbox 1082 3419 1179 3493; x_wconf 78' lang='lat' dir='ltr'>occui</span> 
     </span>
    </p>

    <p class='ocr_par' dir='ltr' id='par_1_13' title="bbox 306 3525 1178 3625">
     <span class='ocr_line' id='line_1_28' title="bbox 306 3525 1178 3625; baseline 0.007 -27"><span class='ocrx_word' id='word_1_174' title='bbox 306 3547 340 3598; x_wconf 89' lang='lat' dir='ltr'>ta</span> <span class='ocrx_word' id='word_1_175' title='bbox 361 3547 397 3600; x_wconf 81' lang='lat' dir='ltr'>et</span> <span class='ocrx_word' id='word_1_176' title='bbox 414 3527 556 3600; x_wconf 82' lang='lat' dir='ltr'>clausa?</span> <span class='ocrx_word' id='word_1_177' title='bbox 583 3525 754 3622; x_wconf 80' lang='lat' dir='ltr'>Aperitur</span> <span class='ocrx_word' id='word_1_178' title='bbox 775 3526 866 3598; x_wconf 88' lang='lat' dir='ltr'>illius</span> <span class='ocrx_word' id='word_1_179' title='bbox 889 3530 1079 3625; x_wconf 83' lang='lat' dir='ltr'>adventu,</span> <span class='ocrx_word' id='word_1_180' title='bbox 1105 3541 1178 3610; x_wconf 88' lang='lat' dir='ltr'>chrt</span> 
     </span>
    </p>

    <p class='ocr_par' dir='ltr' id='par_1_14' title="bbox 304 3643 1179 3740">
     <span class='ocr_line' id='line_1_29' title="bbox 304 3643 1179 3739; baseline 0.009 -26"><span class='ocrx_word' id='word_1_181' title='bbox 304 3643 347 3713; x_wconf 88' lang='lat' dir='ltr'>fit</span> <span class='ocrx_word' id='word_1_182' title='bbox 368 3664 522 3716; x_wconf 83' lang='lat' dir='ltr'>venturo</span> <span class='ocrx_word' id='word_1_183' title='bbox 541 3668 605 3728; x_wconf 91' lang='lat' dir='ltr'>e0‚</span> <span class='ocrx_word' id='word_1_184' title='bbox 627 3643 686 3737; x_wconf 90' lang='lat' dir='ltr'>qui</span> <span class='ocrx_word' id='word_1_185' title='bbox 701 3644 983 3739; x_wconf 87' lang='lat' dir='ltr'>prophetabatur</span> <span class='ocrx_word' id='word_1_186' title='bbox 999 3704 1007 3720; x_wconf 91' lang='lat'>.</span> <span class='ocrx_word' id='word_1_187' title='bbox 1024 3705 1032 3724; x_wconf 84' lang='lat'>.</span> <span class='ocrx_word' id='word_1_188' title='bbox 1051 3707 1059 3722; x_wconf 91' lang='lat'>.</span> <span class='ocrx_word' id='word_1_189' title='bbox 1087 3651 1179 3727; x_wconf 84' lang='lat' dir='ltr'>Solvi·</span> 
     </span>
    </p>

    <p class='ocr_par' dir='ltr' id='par_1_15' title="bbox 304 3760 1180 3858">
     <span class='ocr_line' id='line_1_30' title="bbox 304 3760 1180 3858; baseline 0.015 -29"><span class='ocrx_word' id='word_1_190' title='bbox 304 3776 361 3836; x_wconf 82' lang='lat' dir='ltr'>tut</span> <span class='ocrx_word' id='word_1_191' title='bbox 376 3760 517 3856; x_wconf 83' lang='lat' dir='ltr'>lingna,</span> <span class='ocrx_word' id='word_1_192' title='bbox 535 3760 616 3858; x_wconf 89' lang='lat' dir='ltr'>quia</span> <span class='ocrx_word' id='word_1_193' title='bbox 630 3761 782 3839; x_wconf 88' lang='lat' dir='ltr'>nascitur</span> <span class='ocrx_word' id='word_1_194' title='bbox 799 3788 874 3836; x_wconf 86' lang='lat' dir='ltr'>vox</span> <span class='ocrx_word' id='word_1_195' title='bbox 890 3788 897 3830; x_wconf 91' lang='lat'>:</span> <span class='ocrx_word' id='word_1_196' title='bbox 912 3818 918 3832; x_wconf 92' lang='lat'>.</span> <span class='ocrx_word' id='word_1_197' title='bbox 932 3816 939 3830; x_wconf 92' lang='lat'>.</span> <span class='ocrx_word' id='word_1_198' title='bbox 955 3818 962 3832; x_wconf 89' lang='lat'>.</span> <span class='ocrx_word' id='word_1_199' title='bbox 994 3792 1080 3843; x_wconf 82' lang='lat' dir='ltr'>vox</span> <span class='ocrx_word' id='word_1_200' title='bbox 1096 3771 1180 3846; x_wconf 85' lang='lat' dir='ltr'>Joau·</span> 
     </span>
    </p>
   </div>
   <div class='ocr_carea' id='block_1_2' title="bbox 312 3908 1067 4106">
    <p class='ocr_par' dir='ltr' id='par_1_16' title="bbox 312 3908 1067 4106">
     <span class='ocr_line' id='line_1_31' title="bbox 312 3908 635 4014; baseline 0.053 -32"><span class='ocrx_word' id='word_1_201' title='bbox 312 3908 373 4014; x_wconf 70' lang='grc' dir='ltr'>Ἰη)</span> <span class='ocrx_word' id='word_1_202' title='bbox 397 3941 439 4004; x_wconf 84' lang='lat' dir='ltr'>Jo.</span> <span class='ocrx_word' id='word_1_203' title='bbox 466 3943 489 3995; x_wconf 91' lang='grc' dir='ltr'>Ι.</span> <span class='ocrx_word' id='word_1_204' title='bbox 515 3959 557 3997; x_wconf 78' lang='lat'>22.</span> <span class='ocrx_word' id='word_1_205' title='bbox 583 3929 635 4003; x_wconf 30' lang='lat' dir='ltr'>ete..</span> 
     </span>
     <span class='ocr_line' id='line_1_32' title="bbox 321 4019 1067 4106; baseline 0.058 -40"><span class='ocrx_word' id='word_1_206' title='bbox 321 4030 338 4041; x_wconf 85' lang='lat'>··</span> <span class='ocrx_word' id='word_1_207' title='bbox 362 4019 414 4100; x_wconf 80' lang='lat' dir='ltr'>b)</span> <span class='ocrx_word' id='word_1_208' title='bbox 435 4024 513 4086; x_wconf 73' lang='lat' dir='ltr'>Serta.</span> <span class='ocrx_word' id='word_1_209' title='bbox 540 4029 686 4086; x_wconf 81' lang='lat' dir='ltr'>chclll.</span> <span class='ocrx_word' id='word_1_210' title='bbox 705 4049 728 4085; x_wconf 85' lang='lat' dir='ltr'>n.</span> <span class='ocrx_word' id='word_1_211' title='bbox 757 4047 781 4089; x_wconf 79' lang='lat'>2.</span> <span class='ocrx_word' id='word_1_212' title='bbox 810 4030 841 4085; x_wconf 84' lang='grc' dir='ltr'>Τ.</span> <span class='ocrx_word' id='word_1_213' title='bbox 866 4029 899 4091; x_wconf 77' lang='lat' dir='ltr'>V·</span> <span class='ocrx_word' id='word_1_214' title='bbox 920 4043 947 4098; x_wconf 74' lang='lat' dir='ltr'>P·</span> <span class='ocrx_word' id='word_1_215' title='bbox 979 4044 1067 4106; x_wconf 70' lang='lat'>1¹7⁶·</span> 
     </span>
    </p>
   </div>
   <div class='ocr_carea' id='block_1_3' title="bbox 0 0 1234 4560">
    <p class='ocr_par' dir='ltr' id='par_1_17' title="bbox 0 0 1234 4560">
     <span class='ocr_line' id='line_1_33' title="bbox 0 0 1234 4560; baseline 0 2"><span class='ocrx_word' id='word_1_216' title='bbox 0 0 1234 4560; x_wconf 95' lang='lat' dir='ltr'> </span> 
     </span>
    </p>
   </div>
  </div>
 </body>
</html>
