2460 4560
423 345 653 406 ΕΞ
860 380 974 452 ,299

95 497 188 596 nes,
216 504 399 579 Dominus
430 514 546 575 autem
575 517 608 576 in
627 512 877 595 principioque
909 519 978 579 Ver·
1003 497 1116 563 ΟΜΝ
1133 481 1160 569 f

95 638 203 699 burna
251 625 405 694 Joannes
430 646 505 691 vox
533 621 577 690 ad
613 640 781 718 tempus;
820 623 979 698 Christus
1011 619 1116 672 XVffl·

97 741 267 812 Verbum
306 740 344 813 in
371 736 560 833 principio
596 730 775 811 aeternum.
793 743 815 778 “
883 734 1138 825 Ren'st‘W¹

100 852 297 952 conspicue
324 853 515 952 imprimis,
557 878 597 924 ac
627 856 821 926 luculenter
847 857 878 928 S.
905 857 981 930 Au,

100 975 265 1070 gostinus
291 972 398 1043 Serm.
422 971 466 1040 de
496 969 550 1040 Jo.
581 968 683 1064 Bapt.
715 972 885 1066 explicat:
916 973 978 1046 Do

99 1115 198 1162 voce
219 1109 255 1160 et
275 1088 390 1159 verbo
409 1084 457 1176 a).
507 1086 725 1182 „Scripturae
742 1091 869 1161 sanctae
894 1091 982 1164 Ver·

100 1207 218 1292 bum,
243 1204 325 1276 alibi
346 1203 413 1290 ait,
440 1229 514 1274 esse
544 1204 736 1292 definiunt,
764 1207 863 1301 quod
893 1207 983 1280 intra

102 1321 215 1395 animi
242 1321 413 1393 filentium
441 1299 687 1416 concipimus:
713 1323 875 1418 ¹verbum
905 1351 980 1397 esso

104 1439 284 1511 definiunt
311 1438 423 1533 ipsam
453 1437 724 1533 cogitationem,
760 1465 837 1536 quae
864 1441 981 1513 adhuc

103 1557 200 1628 intra
232 1554 455 1626 conscientiae
478 1556 624 1626 secreta.
644 1556 825 1641 reticetur3
852 1542 985 1628 vocem*
1044 1570 1047 1590 '
1085 1622 1087 1626 .
1180 1604 1183 1609 -

104 1698 199 1749 vero
234 1696 297 1767 per
330 1697 434 1767 quam
464 1671 615 1749 verbum
645 1673 822 1765 profertur
849 1673 886 1743 in
912 1699 983 1743 mes
1042 1704 1047 1711 ¹

105 1791 219 1862 dium.
279 1788 364 1874 Vox
391 1790 497 1858 sonus
524 1786 711 1860 est'index
738 1787 983 1880 cogitationis,

105 1905 261 1979 verbum
287 1929 375 1977 vero
403 1903 479 2000 ipsa
506 1902 683 1996 cogitatio.
747 1901 984 1990 Sicut'enim,

107 2023 258 2120 quando
285 2021 434 2103 verbum
461 2019 569 2091 corde
600 2017 840 2113 concipimus,
869 2046 986 2092 neces.

108 2138 202 2212 saria
230 2163 306 2211 vox
332 2156 401 2222 est,
439 2136 537 2230 quasi
571 2136 752 2231 quoddam
781 2135 985 2210 vehiculum

88 2246 91 2251 ⁵
107 2255 230 2340 verbi,
249 2274 284 2325 et
301 2239 369 2348 qua
383 2252 533 2324 verbum
552 2252 668 2348 ipsum
687 2278 753 2349 per
770 2254 842 2325 oris
859 2256 987 2327 sonum

110 2373 160 2446 ad
193 2371 299 2442 alium
331 2370 598 2455 trans-feramu53
637 2389 754 2463 tamen
783 2370 871 2444 iilud
902 2370 987 2444 iute-

107 2513 215 2584 grum
249 2487 352 2558 otiam
383 2485 472 2558 intra
506 2512 596 2572 nos,
636 2486 672 2556 id
705 2505 756 2558 est
785 2489 940 2558 clausum
967 2514 988 2560 a

108 2608 284 2700 loquente
312 2604 535 2689 transfertur,
562 2621 602 2674 ut
624 2601 661 2672 in
684 2604 744 2676 sua
766 2601 848 2674 sede
873 2622 988 2675 tenea·
1085 2606 1088 2610 ’

109 2741 189 2804 tur;
225 2719 272 2790 ita
303 2739 337 2790 et
367 2719 593 2814 omnipotens
627 2718 731 2791 Pater
766 2719 988 2792 innotescere

110 2835 222 2910 nobis
242 2839 367 2910 volens
391 2835 618 2930 sapientiam,
646 2856 680 2907 ot
706 2835 867 2907 Verbum
887 2837 986 2922 illud,

107 2953 214 3050 quod
232 2951 278 3022 ‘in
303 2951 480 3049 principio
510 2971 583 3024 erat
609 2953 704 3048 apud
731 2951 875 3038 Deum,
904 2952 990 3025 ficut
1054 3036 1056 3040 ,

107 3070 191 3168 ipse
217 3087 383 3154 testatur,
411 3084 567 3141 eructavit
592 3099 643 3142 cor
669 3097 768 3140 meum
794 3079 920 3141 verbum
940 3063 1005 3142 bol

107 3215 211 3273 num,
246 3184 390 3259 beatum
415 3185 587 3257 Joannem
616 3187 715 3280 quasi
740 3212 891 3272 vocem,
927 3211 991 3282 per
1051 3272 1054 3277 V

109 3302 293 3400 quam-‘ad
314 3328 380 3373 nos
408 3301 568 3373 Verbum
593 3303 693 3372 suum
725 3303 914 3396 profer-ret,
942 3328 992 3372 as
1065 3375 1068 3380 ,

64 3493 65 3497 ,
109 3419 274 3521 sumpsit.
339 3418 452 3511 Quod
484 3417 627 3513 quidem
660 3416 821 3488 Verbum
850 3418 895 3492 de
931 3417 991 3488 illa
1053 3474 1057 3485 ,

108 3537 204 3610 sede·
226 3537 272 3607 ita
297 3536 341 3606 ad
372 3561 438 3606 nos
466 3533 670 3620 descendit,
704 3554 745 3606 ut
773 3559 792 3604 o
821 3533 918 3615 sinu,
954 3533 991 3611 id

110 3674 171 3727 est
199 3654 235 3722 in
262 3653 441 3748 profundo
468 3650 606 3748 paterni
633 3649 784 3748 pectoris
811 3674 993 3742 permane·

109 3790 191 3855 ret,
220 3788 357 3840 terrena
380 3768 523 3841 visitans
553 3788 588 3840 ot
613 3767 766 3839 coelestia
789 3793 867 3838 non
893 3767 994 3846 telin.

109 3912 240 3987 quens.
250 3889 271 3922 “
321 3885 478 3958 Additur
500 3869 544 3956 in
559 3906 681 3956 catena
703 3883 846 3956 Patrum
867 3883 904 3956 in
926 3884 996 3957 Lu·

64 4062 72 4072 ν
156 4035 190 4114 a)
211 4038 288 4098 Strm.
318 4035 548 4115 cchXXVrll.
571 4055 597 4093 n.
624 4051 650 4096 2.
678 4036 708 4096 T.
731 4035 764 4093 V.
784 4050 815 4109 -γ,
841 4048 917 4113 1153,
945 4047 992 4094 etc.
1070 4079 1078 4089 ,
