2460 4560
458 296 733 378 1⁵⁵³·
1017 330 1102 382 ¹111

78 462 213 539 tabem,
241 471 273 523 et
296 477 354 525 non
368 455 453 537 ficut
473 458 577 521 Scribe
597 474 700 520 eorum
725 467 756 520 et
782 459 938 523 Pltarisaei.
991 453 1107 548 Quod

78 571 145 644 iam
178 588 346 641 notanter
373 565 640 640 observavimus
662 564 697 636 in
726 566 829 638 toties
852 567 1007 663 repetitis
1030 600 1109 646 ver.

78 688 130 760 bis
153 686 244 781 illis:
270 694 335 770 Ego
357 706 462 755 nutem
481 692 548 754 dico
569 690 675 768 nobis,
695 683 780 754 dum
806 710 846 755 ea
863 689 1106 780 persequitur,
1174 688 1177 693 ‘

78 829 155 901 quae
186 803 232 874 ad
265 805 381 894 legem
414 800 510 871 suam
538 820 670 869 novam
700 800 805 894 super
835 796 992 874 viterem
1025 806 1109 877 effe.

78 921 226 993 rendam
249 917 445 1014 pertinent,
474 941 516 987 ac
537 914 687 986 eandem
707 919 820 1011 longo
842 937 926 1013 post
943 902 979 991 se
1002 918 1109 994 inter·

78 1040 173 1113 vallo
207 1033 500 1128 relinquendam,
537 1029 665 1104 divinis
697 1029 825 1105 additis
860 1037 924 1106 suo
959 1037 1106 1112 nomine

78 1151 259 1252 promissis
292 1151 337 1222 de
373 1159 485 1245 regno
516 1151 687 1221 coelorum
717 1149 961 1246 possidend0,
999 1173 1106 1250 atque

78 1271 111 1342 in
141 1295 187 1340 eo
220 1268 369 1364 copiosa
394 1266 558 1338 mercede
591 1266 845 1366 accipiendae
876 1268 987 1342 beatis
1016 1271 1105 1362 illis,

78 1387 138 1485 qui
173 1384 297 1457 Deum
327 1383 526 1470 videbunt,
565 1381 716 1477 Filiique
748 1382 823 1455 Dei
854 1385 1105 1478 vocabuntur,

78 1503 230 1578 coelestis
261 1501 425 1576 nimirum
460 1501 597 1590 Patris,
638 1522 743 1596 quem
774 1499 812 1572 in
842 1501 913 1574 hoc
942 1506 1105 1580 sermone

78 1623 236 1718 semper,
276 1638 317 1694 ut
345 1621 413 1694 iam
443 1616 776 1706 animadvertimus,
813 1637 972 1691 nostrum
998 1644 1106 1697 vocat

78 1740 201 1834 (Pater
222 1759 336 1810 vester
340 1749 481 1826 celestis,
509 1752 565 1832 qui
589 1750 627 1809 in
648 1763 688 1806 ce
690 1745 728 1806 lis
749 1731 821 1823 est)
843 1734 957 1830 sicque
972 1738 1025 1808 ab
1046 1766 1104 1812 eo-

78 1858 158 1930 dem
179 1867 339 1947 preceptis
348 1863 546 1959 salutaribus
566 1863 692 1941 moniti,
727 1873 759 1924 et
780 1861 891 1924 divina
910 1864 1105 1942 irutitutione
1128 1916 1130 1919 .

78 1981 207 2056 formati
237 1980 385 2051 audemus
409 1981 508 2044 dicere
534 1972 572 2042 in
603 1970 764 2045 oratione
789 1963 989 2051 Dominica
1011 1970 1107 2044 Pater

78 2113 178 2162 noster
198 2100 253 2180 qui
272 2117 302 2160 es
320 2099 353 2159 in
372 2099 427 2158 coel
425 2101 453 2158 is
473 2115 559 2160 cum
574 2088 763 2162 Ecclesia
753 2114 791 2159 rn
810 2084 991 2176 sacratiori
1011 2085 1107 2180 litur-5

78 2205 140 2300 giae
170 2224 293 2301 parte,
329 2230 400 2300 qua
434 2203 595 2279 Christus
623 2205 718 2278 Patri
752 2206 887 2290 coelesti
915 2200 1104 2278 incruento

78 2323 224 2395 offertur
258 2320 426 2394 sacrificio
459 2320 496 2408 in
526 2325 656 2418 lytrum
685 2320 917 2396 redemtionis
949 2340 1105 2410 nostrte,

78 2438 352 2535 adoptionisque
372 2437 411 2507 in
441 2437 534 2514 filios
560 2438 654 2527 Dei,
680 2441 801 2512 fratres
825 2435 999 2536 unigeniti
1024 2437 1106 2513 Filii

78 2554 170 2629 Dei:
200 2555 286 2628 dum
310 2564 390 2626 cum
412 2553 511 2651 ipso,
539 2555 600 2650 qui
625 2576 779 2628 assumta
796 2557 955 2627 humana
980 2573 1107 2629 natura

78 2673 188 2746 hctus
218 2691 271 2750 est
301 2672 406 2742 frater
438 2691 582 2760 noster,
618 2697 844 2745 communem
878 2650 1107 2770 accepimus,⁵

78 2789 136 2886 qui
164 2808 217 2860 est
240 2787 399 2866 incoelis
428 2787 568 2861 Patrem
600 2809 760 2861 nostrum
788 2788 964 2882 eundem,
993 2811 1104 2885 quem
1191 2826 1193 2835 ·

78 2903 243 2978 etDeum
257 2923 434 2977 nostrum:
455 2929 560 3000 quem
576 2907 769 2977 enimvero
785 2926 868 3002 post
880 2905 1121 2981 resurrectin·.¹

78 3048 158 3095 nem
173 3022 287 3107 suam,
316 3047 380 3116 per
398 3021 555 3101 Mariam
572 3022 832 3118 Magdalenam
845 3022 891 3092 ad
905 3020 1111 3118 discipulos„

78 3139 156 3209 [uos
191 3135 353 3208 Christus
377 3136 471 3209 misit
498 3139 717 3213 laetissimum
741 3141 928 3224 nuntium,
956 3164 1108 3229 omnem,

78 3255 217 3326 sensum
254 3246 414 3326 nostrum
450 3273 486 3325 et
520 3255 710 3328 humanam
748 3257 844 3352 spem
876 3249 1110 3349 superantem·

78 3369 453 3465 exspectationemque
480 3370 559 3455 vilis
591 3391 756 3443 creaturae
784 3398 804 3444 a
830 3391 987 3443 creatore
1013 3352 1107 3459 suo:¹

82 3496 167 3558 Vade
205 3507 332 3571 autem,
365 3486 481 3582 inquit
519 3484 579 3576 a),
616 3497 659 3558 ad
687 3495 810 3574 fratres
845 3514 948 3574 meos,
986 3508 1018 3560 et
1052 3502 1110 3569 dic,

78 3615 142 3674 eis:
174 3612 318 3686 Ascendo
345 3612 389 3674 ad
414 3614 539 3676 Patrem
565 3631 691 3691 meum,
729 3625 760 3674 et
786 3613 911 3695 Patrem
930 3627 1103 3695 ¹vestrum:
1133 3645 1157 3697 ¹r

80 3726 179 3792 Deum
199 3743 319 3806 meum,
347 3742 378 3791 ct
399 3729 500 3808 Deum
524 3743 671 3826 nestrum.
724 3719 811 3814 Quo
827 3719 924 3796 haud
944 3719 1039 3812 sci0,
1057 3748 1103 3796 an

978 4010 1200 4288 r

132 3936 180 4016 a)
212 3931 290 4003 nan.
316 3909 381 4002 xit.
407 3952 450 4010 ιγ,
529 4025 531 4029 Ι
