2460 4560
39 547 47 565 ,
104 482 229 555 ΰυυῑ
256 507 330 566 tato
352 487 454 565 adest
476 479 587 564 Anna
607 482 832 586 prophetissa
855 485 904 562 de
930 482 1026 565 tribu
1049 485 1124 567 Aser

138 606 200 664 XV·
255 607 318 681 filii
356 603 493 692 Jacob,
529 604 691 702 confessa
721 598 914 694 Domino,
955 608 1125 685 Christum

65 809 67 814 Ι
95 721 430 799 ᾺΝΜεεείαιη
456 723 635 818 professa,
663 741 699 795 et
719 724 840 799 locuta
865 725 912 799 de
938 723 1128 801 illoomni·

254 842 325 915 bus
348 839 411 937 qui
440 840 695 938 exspectabant
724 825 988 922 redemtionem
1017 845 1127 925 Israel.

252 958 315 1032 De
337 959 450 1032 domo
476 959 587 1033 Jacob
612 956 741 1036 scilicet
762 978 875 1060 prout
896 959 1029 1058 virgini
1053 963 1130 1036 Ma·

251 1076 315 1149 riae
355 1075 585 1155 denunciatus
619 1046 735 1152 sderat
762 1075 971 1157 nasciturus
1010 1105 1056 1152 cx
1094 1106 1129 1153 ea

250 1192 346 1269 filius
373 1213 580 1293 regnaturus
605 1202 639 1269 in
668 1202 758 1267 domo
782 1200 883 1276 Jacob
911 1208 948 1271 in
974 1219 1127 1284 aternum,

253 1333 286 1384 et
314 1325 398 1397 regni
426 1324 491 1383 eius
520 1339 580 1404 non
610 1322 670 1382 crit
692 1318 776 1402 finis.
839 1307 892 1388 Ut
921 1314 1031 1416 supra
1058 1340 1149 1412 cap.¹

252 1427 351 1498 VIII.
382 1427 536 1504 vidimus
564 1427 814 1530 amplissimam
842 1427 1127 1511 benedictionem

249 1536 455 1647 patriarchae
490 1543 610 1621 -Jacob
645 1545 793 1635 datam,
837 1545 885 1618 de
921 1573 997 1650 qua
1035 1548 1128 1621 etiam

249 1662 362 1736 Eccli.
389 1661 525 1734 XLIV.
554 1678 612 1750 25⁴.
642 1671 887 1739 Benedictionem
909 1677 1049 1742 omnium
1065 1694 1148 1751 gen·

249 1792 332 1853 tium
355 1789 440 1853 dedit
464 1790 511 1855 idi
537 1774 701 1874 (Jacob)
726 1786 898 1872 Dominus,
926 1807 975 1856 ne
999 1782 1127 1856 videre·

249 1918 310 1972 tur
332 1896 506 1995 opinione
527 1896 731 1974 iudaeorum
753 1897 853 1974 sedes
880 1899 987 1999 regni
1011 1898 1125 1973 David

172 2064 174 2069 -
248 2013 286 2084 in
308 2034 431 2086 monte
453 2013 539 2087 Sion
559 2013 704 2110 figenda
726 2011 764 2083 in
787 2012 909 2108 torric,
938 2042 1023 2095 cum
1045 2035 1125 2089 esset

248 2129 415 2204 Christus
434 2150 643 2228 regnaturus
660 2129 696 2206 in
716 2129 827 2207 domo
847 2130 963 2207 Jacob
982 2135 1022 2211 in
1040 2155 1126 2208 aeter·

245 2275 359 2335 num,
390 2249 427 2318 in
453 2245 552 2318 cuius
569 2247 716 2329 ¹semine
747 2247 1008 2327 benedicendae
1036 2271 1129 2325 erant

247 2386 374 2437 omnes
402 2382 526 2461 gentes
554 2390 619 2460 per
652 2365 859 2461 Christum,
886 2393 998 2467 quem
1023 2370 1125 2443 inian·

245 2502 319 2559 tem
344 2483 380 2554 iss
406 2487 507 2559 ulnas
532 2482 610 2559 suas
637 2481 814 2578 accipiens
842 2482 992 2560 Simeon
1008 2490 1126 2561 excla·

244 2622 342 2676 matt
394 2613 480 2672 Nunc
510 2610 645 2678 dimittis
666 2606 797 2686 servum
830 2621 945 2690 tirum,
981 2612 1125 2693 Domine,

232 2727 406 2816 strandum
431 2726 560 2792 verbnm
585 2737 674 2789 tunm
702 2727 735 2793 in
752 2744 851 2807 pact:
877 2728 960 2810 'qnia
987 2733 1128 2797 viderunt

243 2844 326 2906 oculi
346 2844 405 2904 mei
416 2842 563 2919 salutare
587 2851 687 2910 tuum
735 2842 829 2925 ¹Quod
837 2849 972 2927 parasti
990 2863 1066 2913 ante
1077 2850 1129 2929 fa·

242 2961 320 3022 ciem
342 2963 480 3027 omnium
492 2958 701 3039 populorum
729 2959 828 3025 Inmen
850 2960 895 3021 ao'
909 2966 1131 3045 revelationem

239 3079 396 3163 gentium,
422 3086 454 3145 tt
473 3073 606 3157 gloriam
622 3072 724 3160 plebis
744 3087 801 3144 tut
823 3055 934 3144 israel.
1017 3146 1023 3155 ,
1123 3092 1127 3099 ·
