2444 4538
12 80 23 111 ’
444 117 676 182 Ξ

1005 149 1075 220 137

50 286 57 357 i
86 306 121 354 us
145 279 250 352 hunc¹
271 303 420 374 regnare
442 277 546 376 super
573 282 686 353 nos.“
748 278 849 374 Quid
875 275 1075 378 expressius

52 396 376 494 -gnificantiusque
402 397 471 479 dici
496 399 533 479 in
558 399 698 483 ludaeos
725 401 862 495 potuit,
890 399 1074 495 h9minem

8 580 11 593 ‚
55 520 143 587 ,lum
170 513 333 585 nobilem
356 514 577 609 unigenitum
601 517 709 596 filium
727 497 807 587 ¹Dei
832 517 991 618 recipere
1017 517 1077 587 de·

55 652 263 718 rectanteS,
291 652 396 726 atque
417 659 535 703 mnam
565 634 662 712 suam
694 646 859 724 repositam
888 647 921 704 in
940 642 1077 719 sudario

50 748 254 819 habentes?
288 747 396 820 Unde
420 748 485 820 illis
513 749 628 821 ablata
654 769 723 838 est,
752 769 787 821 et
812 749 987 835 damini,
1015 747 1078 844 qui

52 865 175 936 decem
203 891 305 937 mnas
330 866 438 936 habet
463 866 498 935 in
526 867 685 938 Ecclesia
711 893 774 964 per
801 893 924 943 omnes
950 887 1077 966 gentes

53 982 223 1078 dispersa.
307 984 387 1069 „Et
420 981 587 1063 dixerunt
619 985 651 1056 ei
687 981 743 1074 a):
783 985 942 1059 Domine
968 984 1079 1055 habet

51 1100 177 1171 decem
207 1126 318 1172 mnas.
382 1099 480 1173 Dico
503 1122 619 1183 autem
644 1103 769 1188 vobis,
797 1103 878 1196 quia
897 1101 995 1173 omni
1017 1102 1080 1173 ha·

53 1217 151 1288 beuti
181 1212 342 1305 dabitur,
380 1238 414 1289 et
438 1218 655 1289 abundabit:
693 1219 737 1290 ab
768 1245 813 1291 eo
843 1238 979 1305 autem,
1014 1215 1080 1313 qui

9 1315 36 1346 '⁸
56 1359 126 1405 non
152 1334 296 1409 habet-¹..
319 1354 354 1407 et
377 1335 476 1428 quod
501 1335 610 1409 habet
634 1337 808 1420 auferetur
833 1337 877 1407 ab
900 1357 969 1407 eo.·
1007 1333 1103 1433 Veg

55 1471 259 1528 rumtamm²
269 1419 428 1533 aii‘riridbs
442 1476 540 1523 meos
555 1453 644 1540 illos,
659 1450 717 1547 qui
731 1456 923 1533 noluerunt
934 1477 989 1522 me
1004 1477 1085 1546 reg..

56 1593 138 1637 nare
156 1559 262 1662 super
276 1593 331 1652 se,
345 1568 513 1643 adducite
527 1570 615 1667 huc,
635 1589 670 1640 et
685 1568 869 1641 interficite
888 1588 968 1639 ante
980 1593 1035 1638 me
1046 1570 1080 1636 :“

58 1682 178 1755 omnia
213 1684 290 1759 haec
321 1686 457 1780 experti
491 1688 593 1772 sunt,
635 1685 935 1785 experiunturque
964 1681 1081 1755 miseri

57 1799 179 1873 Judae'r
217 1809 260 1872 Et
275 1811 325 1872 liis
342 1813 449 1889 dictis,
463 1813 653 1910 precedebat
670 1812 831 1880 ascendens
846 1811 1080 1892 ,lerosolymam

60 2147 314 2224 CHRISTUS
341 2152 396 2225 SE
424 2151 539 2233 NON
570 2151 672 2223 IAM
706 2151 763 2222 IN
792 2148 1079 2229 PARABOLIS

92 2281 167 2346 SE'D
185 2282 314 2346 Pistum
331 2280 469 2346 FILIUM
488 2281 552 2344 DEI
571 2281 820 2345 PROFITETUR
837 2280 1048 2360 ululantis

421 2398 714 2476 conrnonnruu.

63 2617 188 2692 XXII.
215 2548 342 2726 Quis
368 2618 409 2689 lit
428 2617 485 2690 ille
511 2627 610 2687 Homo
633 2629 761 2709 quldum
782 2629 910 2705 noliit's,
937 2637 978 2690 ut
1001 2620 1084 2692 ube*

64 2736 129 2808 rius
170 2737 235 2807 suo
267 2739 351 2810 loco
385 2736 637 2821 edisseremus,
678 2735 738 2829 qui
768 2747 846 2808 abiit
875 2748 907 2813 in
934 2749 1084 2820 regionem

65 2852 284 2944 longinquam,
322 2863 478 2942 accipere,
504 2859 564 2941 sthi
593 2881 715 2938 regnum
746 2874 777 2924 et
806 2864 941 2937 reverti,
980 2853 1084 2925 noble

11 3022 14 3049 ,,
66 2967 292 3064 praecaeteris
323 2969 556 3067 Evangelistis
589 2969 620 3041 S.
642 2969 795 3046 Ioannes
820 2967 1083 3056 sublimissime,

11 3150 15 3164 .
67 3085 163 3180 quod
188 3105 242 3159 est
265 3105 373 3185 caput
401 3085 438 3157 in
461 3086 583 3160 divina
603 3085 792 3180 Evangelii
819 3083 951 3168 Christi
973 3085 1087 3157 Verbi

11 3274 14 3282 ,
69 3200 236 3276 incarnati
272 3204 496 3291 oeconomia,
540 3201 796 3285 manifestavit,
837 3222 877 3273 ut
911 3225 956 3271 ex
985 3200 1087 3276 initio

71 3301 253 3416 Evangelii
273 3321 431 3395 eiusdem
451 3321 488 3391 in
511 3317 661 3404 exordio
679 3317 791 3397 statim
810 3316 1085 3399 declaravimus:

72 3436 126 3507 ubi
155 3437 271 3510 divini
300 3437 402 3511 verbi
435 3434 699 3531 generationem
736 3453 817 3504 ante
852 3452 1013 3531 tempora
1044 3463 1090 3507 ex

75 3549 171 3625 Patre
192 3548 378 3639 aeternam,
401 3552 544 3648 eiusque
565 3548 849 3624 lucarnationem
870 3550 906 3621 in
928 3572 1091 3648 tempore

78 3693 116 3741 ex
142 3691 252 3742 matre
285 3671 525 3767 exposuimus.
594 3667 751 3740 Subinde
782 3694 891 3764 porro
927 3669 1088 3762 quaedam
1148 3676 1151 3682 '

114 3817 143 3895 a)
168 3821 232 3888 bre.
253 3820 349 3884 XIX.
375 3835 433 3920 255⁴
