2460 4560
1019 370 1057 421 11
1066 365 1086 442 ὅ

55 497 162 572 limes
188 510 282 567 esset
301 478 430 565 veteris
451 479 667 575 testamenti,
692 491 791 587 quod
814 491 963 568 diminui
984 524 1091 596 opor-

29 672 33 677 .
62 615 182 699 tebat,
211 611 296 683 dum
319 634 455 681 novum
478 608 515 678 in
538 607 684 680 Christo
709 610 909 683 crescebat:
946 638 1087 712 eratque

61 729 322 802 incrementum
345 725 513 798 Ecclesiae
539 725 693 812 Christi,
721 726 919 824 Synagogae
942 731 1091 806 diminui

63 847 126 919 tior
178 843 354 916 Videatur
376 842 543 936 equidem
566 867 673 935 grave
700 868 740 914 ac
763 845 999 939 despicabile,
1024 850 1091 922 dis-

62 963 202 1060 cipulos
224 962 305 1034 suos
325 960 447 1030 vocari
465 985 622 1055 pannum
642 961 730 1031 rude
750 987 790 1033 ac
807 962 930 1035 vinum
952 978 1091 1040 novunl

60 1107 81 1152 a
107 1079 173 1176 pio
200 1076 394 1173 magistr03
429 1102 548 1171 aquo
574 1101 662 1147 vero
685 1075 806 1148 edocti
832 1101 932 1153 erant
952 1081 1089 1163 discere

60 1199 127 1272 luo
154 1198 321 1293 exemplo
342 1193 444 1266 mites
472 1218 549 1265 esse
570 1212 605 1265 et
625 1193 776 1266 humiles
804 1196 924 1271 cordes
989 1244 991 1249 =

91 1505 95 1512 ,
137 1414 273 1507 Invasit
296 1455 357 1504 eos
380 1440 456 1503 non
478 1414 583 1502 lemel
614 1416 782 1520 ambitio,
810 1422 1092 1513 contendebanto

63 1574 135 1646 que
153 1549 246 1621 inter
267 1575 325 1634 se,
354 1562 422 1640 quis
445 1576 548 1619 eorum
573 1559 731 1620 uideretur
757 1579 818 1623 esse
838 1565 961 1640 maior,
989 1556 1091 1629 alleca

62 1667 259 1760 tabantque
285 1664 349 1736 filii
377 1664 545 1736 Zebedaei
573 1666 727 1759 primum
750 1666 788 1736 in
814 1687 927 1763 regno
951 1671 1015 1742 suo
1041 1675 1092 1745 loa

61 1809 155 1856 cume
216 1781 442 1876 Videturque
469 1780 693 1854 aemulatione
719 1785 871 1877 quadam
897 1784 994 1856 Petri
1021 1787 1094 1860 fac·-

60 1920 157 1990 tum,
185 1917 227 1972 ut
246 1917 330 1995 post
350 1899 503 1970 solutum
527 1925 593 1994 pro
617 1924 655 1968 se
677 1918 712 1970 et
734 1899 841 1971 Petro
863 1900 1090 1991 didrachma3

62 2030 96 2088 in
108 2027 167 2088 ida
178 2027 256 2086 hora
267 2012 307 2105 a)
319 2017 530 2088 accederent
541 2014 705 2110 discipuli
721 2017 768 2087 ad
779 2004 896 2090 lesum
916 2017 1091 2092 dicentes}

61 2144 141 2228 Quis
169 2154 270 2222 putas
298 2145 399 2203 maior
432 2157 476 2203 err
509 2145 542 2202 in
575 2149 665 2217 regno
698 2141 873 2205 celorum?
921 2134 974 2206 At
1006 2136 1093 2210 ‘vide

61 2277 173 2348 quam
194 2248 463 2344 incomparabili
482 2248 688 2323 inductione
706 2251 844 2347 pueruli
868 2277 931 2323 eos
952 2251 998 2324 ad
1017 2251 1093 2324 offi=

60 2369 157 2442 cium
168 2367 382 2461 sensumque
393 2363 596 2436 humilitatis
607 2369 780 2438 revocet?
799 2366 942 2464 Nempe
959 2346 1094 2454 „advos

60 2509 148 2558 cans
165 2483 266 2555 Jesu's
290 2485 496 2579 parvulum,
524 2483 642 2555 statuit
663 2510 742 2555 eum
761 2483 797 2553 in
814 2484 935 2557 medio
954 2510 1092 2573 eorunm

62 2621 98 2672 et
118 2599 227 2672 dixitt
244 2597 364 2670 Amen
381 2598 461 2669 dico
479 2597 605 2684 vobis,
624 2599 689 2674 nisi
708 2599 872 2670 conversi
884 2601 1036 2689 fueritis,
1056 2608 1093 2674 ei

62 2714 268 2790 efficiamini
292 2716 379 2787 licut
404 2715 561 2810 parvuli,
590 2733 664 2787 non
686 2714 859 2786 intrabitis
886 2715 922 2786 in
941 2736 1094 2813 regnum

63 2835 250 2907 coelorum.
279 2831 496 2926 Quicunque
511 2857 597 2926 ergo
610 2832 846 2904 humiliaverit
863 2860 899 2904 se
915 2834 1000 2908 ficut
1016 2853 1102 2931 par:¹

62 2953 172 3041 vulus¹
197 2949 282 3036 iste,
316 2949 375 3021 hic
401 2968 456 3020 est
478 2949 590 3020 maior
616 2948 653 3018 in
675 2973 787 3042 regno
812 2948 993 3025 coelorum.
1045 2939 1094 3026 Et

62 3065 128 3162 qui
154 3065 348 3171 susceperit
378 3088 489 3136 unum
520 3067 707 3162 parvulum
740 3067 844 3135 talem
876 3065 914 3135 in
948 3066 1094 3140 nomine

63 3208 169 3269 meo,
185 3209 244 3254 me
263 3178 416 3277 suscipit.
455 3169 528 3273 Qui
547 3201 663 3254 autern
679 3167 964 3254 scandalizaverit
981 3196 1094 3258 unum
1195 3197 1196 3200 ’

64 3299 114 3369 de
137 3298 270 3394 pusillis
296 3297 390 3388 istis,
425 3299 487 3392 qui
515 3297 551 3366 in
577 3325 632 3368 me
660 3299 831 3382 credunt,
871 3299 1017 3392 expedit
1043 3300 1093 3388 ei,

58 3392 110 3487 ¹ut
128 3415 363 3513 suspendatur
388 3417 484 3485 mola
507 3413 655 3484 asinaria
675 3414 720 3506 in
736 3416 831 3485 collo
855 3414 948 3499 eins,
978 3434 1014 3486 et
1037 3417 1096 3490 de·

65 3551 247 3628 mergatur
264 3530 301 3602 in
320 3527 541 3628 profundum
562 3529 708 3600 mansf‘
756 3528 823 3599 Est
840 3529 917 3598 haec
937 3531 981 3601 de
1000 3536 1096 3615 mola

65 3647 215 3720 asinaria
239 3647 444 3742 gravissima
471 3646 517 3718 ad
545 3644 815 3720 absterrendum
843 3646 1017 3734 elocutio,
1045 3639 1097 3722 lo.

67 3791 152 3852 eus,
187 3783 228 3836 ut
251 3764 301 3836 ita
334 3764 470 3851 dicam,·
504 3761 699 3836 rhetoricus
727 3760 874 3833 Christo
908 3753 1097 3862 proprius,

108 3912 537 3992 a)uuarr1111a1.aa
649 3998 686 4088 H
988 3994 991 4002 ,

711 4032 735 4091 ²
1033 4048 1180 4280 r
