2460 4560
552 381 784 396 Μ

158 357 208 435 84
1219 405 1222 449 4

26 421 69 538 s
234 496 380 584 Caequm
402 495 501 569 illum
525 493 560 565 in
582 491 773 565 Bethsaida
793 489 921 567 lentius
944 519 1087 572 curasse
1103 493 1177 595 legi·
1220 468 1222 541 i

155 635 213 688 tur
236 612 415 700 Christus,
433 595 493 708 qui
516 610 738 707 apprehensa
755 637 862 684 manu
880 612 964 685 caeci
983 611 1043 704 a),
1058 617 1183 705 „edug

53 795 55 799 ,
154 732 209 804 xit
231 758 312 803 eum
337 749 435 802 extra
457 727 597 824 vicum:
627 745 662 797 et
683 754 870 824 exspuens>
888 730 927 800 in
954 735 1083 804 oculos
1109 734 1182 806 eius

154 846 329 946 impositis
355 844 519 918 manibus
545 845 613 917 suis
640 844 875 941 interrogavit
904 831 1019 934 eum,⁰
1043 849 1072 920 si
1097 851 1178 946 quid

99 1036 106 1052 ,
155 966 303 1040 videret.
365 964 415 1034 Et
444 962 636 1059 aspiciens,
661 961 727 1033 ait:
755 962 864 1035 video
892 965 1060 1038 homines
1086 972 1177 1042 velut

154 1083 301 1156 arbores
341 1080 572 1164 ambulantes.
658 1077 806 1151 Deinde
845 1079 972 1153 iterum
1011 1082 1178 1180 imposuit

154 1224 280 1273 manus
300 1184 402 1295 super
426 1199 550 1269 oculos
570 1194 664 1282 eins,
693 1215 728 1267 et
748 1197 856 1292 coepit
879 1198 1012 1272 videre.
1066 1201 1113 1274 Et
1132 1227 1177 1273 re-

154 1315 296 1390 stitutus
323 1334 402 1400 est,
432 1313 480 1384 ita
507 1332 546 1385 ut
573 1315 665 1386 clare
690 1312 828 1389 videret
850 1315 992 1387 omnia:¹
1029 1336 1066 1389 et
1090 1316 1178 1390 misit

154 1432 254 1506 illum
283 1430 321 1503 in
352 1431 500 1502 domum
520 1432 636 1516 fuam,
662 1429 805 1501 dicens:
833 1430 937 1503 Vade
965 1431 1004 1504 in
1033 1436 1175 1506 domum

154 1567 273 1623 tuam:
303 1546 390 1619 etsi
417 1546 454 1616 in
480 1544 599 1618 vicum
623 1545 819 1634 introieris,
848 1547 980 1620 nemini
1008 1549 1176 1623 dixeris.“

157 1664 213 1739 Sic
237 1665 340 1738 etiarn
367 1689 448 1736 cum
472 1663 616 1735 surdum
641 1683 676 1734 et
701 1683 837 1736 mutum
861 1645 1115 1755 adduxissent,
1141 1687 1176 1740 ut
1207 1700 1215 1727 o

157 1782 191 1856 ei
210 1808 353 1855 manum
378 1781 597 1877 imponeret,
628 1797 663 1851 et
687 1780 785 1853 Jesus
807 1777 1025 1856 illum'haud
1047 1784 1176 1858 absimi-

157 1900 236 1972 liter
256 1919 433 1970 remotum
454 1883 557 1993 sputo
581 1914 616 1967 et
636 1917 729 1968 tactu
751 1898 920 1987 sanasset,
948 1901 1081 1996 pariter
1097 1922 1176 1998 prae·

158 2015 254 2112 oepit
274 2015 361 2100 illis,
386 2040 431 2084 ne
453 2013 510 2085 cui
525 2013 684 2085 dicerent
699 2010 756 2102 ωε
784 2039 901 2107 quanto
923 2039 1028 2089 autem
1052 2033 1096 2091 eis
1105 2047 1176 2111 pra·

155 2141 305 2222 timebat,
333 2152 422 2201 tanto
447 2141 546 2213 magis
565 2139 637 2218 plus
652 2141 873 2219 predicabant.
923 2142 966 2202 Et
992 2162 1027 2205 eo
1052 2145 1177 2227 amplius

154 2258 417 2332 admirabantur,
450 2256 608 2316 dicentes:
649 2255 728 2316 Bene
757 2260 862 2318 omnia
880 2257 984 2338 fecit:
1016 2272 1050 2322 et
1066 2261 1176 2341 surdos

146 2373 231 2455 fecit
249 2373 377 2452 audire,
404 2385 434 2434 et
456 2383 558 2433 mutos
576 2371 669 2454 loquis
721 2364 852 2436 Minus
878 2361 984 2438 nobis
1009 2366 1182 2441 hieratio

153 2478 276 2579 pervia
303 2498 374 2565 est,
412 2495 478 2550 nec
504 2478 571 2550 nisi
593 2479 776 2576 mysticam
801 2481 950 2555 reddere
977 2509 1061 2556 cum
1088 2487 1183 2563 sano*

153 2599 198 2672 tis
221 2595 384 2670 Patribus
407 2598 583 2683 valemu's,
613 2619 675 2670 cur
699 2597 882 2693 operosius
907 2625 1005 2672 caeco
1029 2601 1113 2675 huic
1134 2600 1177 2674 vi·

155 2737 255 2801 som,
283 2739 324 2784 ac
346 2712 453 2784 surdo
474 2733 646 2808 mutoque
668 2716 848 2804 auditum,
877 2737 912 2789 et
928 2717 1060 2813 linguae
1080 2741 1178 2793 usum

155 2832 339 2904 restituere
356 2830 537 2902 voluerit?
564 2855 670 2926 quarn
694 2831 730 2901 in
754 2832 888 2904 Lazaro
905 2832 974 2905 iam
996 2856 1081 2908 ante
1100 2858 1177 2932 qua·

153 2968 236 3022 tuor
263 2945 337 3018 dies
365 2965 532 3034 mortuo,
571 2964 605 3019 et
633 2947 770 3045 sepulto
801 2950 880 3021 satis
909 2954 1038 3023 claram
1070 2953 1177 3025 intue-

151 3090 255 3152 mur,
292 3063 439 3157 eoquod
468 3062 507 3132 in
531 3062 738 3135 Bethaniam
766 3065 967 3138 advenisset
994 3065 1175 3154 Christus,

152 3179 274 3282 paucis
292 3180 378 3252 inde
397 3198 481 3276 post
499 3177 624 3252 diebus
646 3180 864 3277 ingressurus
878 3162 1036 3267 ,vicinari
1055 3186 1177 3259 urbem

153 3302 433 3397 ierosolymam,
469 3315 509 3369 ut
546 3321 806 3373 consummaret
832 3326 923 3397 opus
950 3301 1177 3376 redemtionis
1216 3390 1219 3399 1

152 3438 304 3502 nostrae,
322 3409 555 3510 adessentque
572 3413 773 3511 frequentes
792 3443 837 3488 ex
855 3417 943 3490 urbe
962 3418 1078 3492 Judaei
1097 3444 1177 3495 con·

152 3532 298 3606 solaturi
331 3532 452 3604 Lazari
488 3534 653 3620 sorores,
694 3530 853 3620 Mariam
885 3534 993 3607 secuti
1033 3537 1176 3611 obviam

154 3670 296 3723 euntem
311 3650 393 3720 Jesu
413 3647 466 3739 c):
494 3696 516 3738 „
525 3649 624 3722 Jesus
639 3670 679 3723 ut
690 3651 780 3724 vidit
803 3672 878 3722 eam
899 3655 1125 3747 plorantem,
1146 3674 1177 3728 et

154 3766 315 3851 Judaeos,
337 3766 396 3859 qui
418 3787 589 3840 venerant
608 3793 688 3840 cum
712 3795 753 3839 ea
775 3771 976 3865 plorantes,
999 3769 1177 3845 infremuit

153 3885 295 3982 spiritu,
314 3901 349 3954 et
368 3881 521 3955 turbavit
537 3884 702 3981 seipsum.
728 3886 777 3958 Et
793 3885 899 3957 dixit:
919 3883 991 3957 Ubi
1009 3887 1177 3982 posuistis

194 4033 339 4111 apameo.
357 4031 498 4102 Vlline
555 4035 685 4115 b)Murc.
706 4033 771 4095 Vll.
790 4039 895 4107 aucte.
953 4033 983 4112 r)
1004 4033 1050 4104 Is.
1069 4031 1175 4108 XL32·
