2460 4560
178 335 249 404 126
572 320 804 362 “““““’·”

172 507 260 556 vero
295 477 330 550 in
367 496 493 552 terram
523 477 658 550 bonam
687 479 876 550 seminatus
907 499 989 568 est,
1028 472 1192 574 him„

172 599 234 694 qui
256 597 353 670 audit
379 596 550 681 verbum,
579 614 614 667 et
633 595 815 689 iutelligit,
840 615 875 667 et
899 597 1056 670 fructum
1083 603 1192 690 affert,

141 728 148 764 r
172 736 209 789 et
238 715 321 788 facit
349 712 444 786 aliud
476 713 620 806 quidem
652 711 908 799 centesimum,
948 713 1047 787 aliud
1083 739 1192 792 autem

169 829 446 926 sexagesimum,
483 829 579 900 aliud
613 854 701 899 vero
733 827 960 923 trigesimum.
973 831 996 862 “
1060 832 1105 905 In
1134 836 1191 907 alia

99 926 101 931 ⁴
168 948 359 1047 parabola,
395 971 474 1039 quae
503 944 599 1042 apud
629 945 846 1018 Matthaeum
876 943 1043 1019 nonnihil
1076 950 1191 1024 immu-

168 1085 240 1138 tata
257 1088 345 1134 mox
366 1062 545 1147 subditur,
572 1059 722 1132 Marcus
744 1061 808 1134 IV.
835 1088 892 1150 23.
918 1064 1105 1159 praemittit
1121 1070 1191 1140 hac

166 1181 265 1278 ipsa,
292 1204 371 1275 quae
402 1176 643 1267 difficultatem
670 1177 707 1247 in
730 1178 849 1250 divina
875 1179 1067 1280 Evangelii
1096 1183 1189 1256 Chri·

166 1298 212 1370 sti
234 1296 435 1369 oeconomia
459 1314 626 1381 movent,
652 1295 784 1366 verba:
813 1295 878 1382 „Si
898 1296 977 1392 quis
1006 1299 1118 1373 habet
1136 1328 1188 1373 au·

164 1440 221 1486 res
242 1412 410 1485 audiendi
428 1411 556 1484 audiat.
598 1410 649 1482 Et
668 1410 809 1484 dicebat
824 1412 912 1484 illis:
936 1413 1089 1505 Videte,
1107 1416 1189 1512 quid

167 1531 327 1604 audiatis.
378 1530 420 1599 In
453 1555 522 1623 qua
551 1552 715 1600 mensura
746 1528 860 1601 mensi
891 1530 1047 1620 fueritis,
1085 1559 1189 1606 reme·

166 1647 272 1721 tietur
293 1644 419 1732 vobis,
448 1644 680 1717 etadiicietur
700 1637 817 1718 vobis.
859 1647 934 1738 Qui
956 1649 1052 1720 eninr
1076 1651 1185 1737 hahet,

167 1764 308 1838 dabitur
331 1762 404 1834 illi:
444 1781 479 1834 et
511 1762 675 1857 quinon
704 1762 835 1850 habet,
872 1783 907 1836 et
937 1767 1039 1859 quod
1063 1767 1187 1854 habet,

166 1883 343 1955 auferetur
360 1880 405 1952 ab
423 1907 478 1951 eo.
530 1879 579 1952 Et
597 1879 757 1951 dicebat:
786 1879 842 1951 Sic
866 1899 919 1951 est
936 1907 1089 1976 regnum
1108 1883 1186 1971 Dei,

165 1996 471 2093 quemadmodum
489 1995 518 2066 si
534 1996 646 2067 homo
663 1996 766 2068 iaciat
783 1987 1029 2069 sementemin
1048 2021 1182 2088 terram,

95 2112 97 2116 ’
163 2133 200 2189 et
228 2112 402 2198 dormiat,
443 2129 479 2182 et
517 2131 665 2204 exurgat
696 2131 804 2185 nocte
833 2139 874 2185 ac
911 2114 969 2186 die
1005 2133 1041 2187 et
1073 2119 1186 2189 semen

163 2228 361 2326 germinet,
406 2245 441 2298 et
479 2226 674 2314 increscat,
719 2229 804 2299 dum
838 2230 954 2302 nescit
984 2231 1045 2304 ille
1086 2233 1185 2306 etc.“

165 2346 250 2438 Qua
280 2345 319 2414 in
349 2371 388 2415 re
423 2342 645 2414 discutienda
688 2345 822 2416 utinam
859 2348 996 2443 semper
1029 2347 1186 2444 theologi

162 2461 351 2560 parabolas
371 2458 644 2545 deseminare,
664 2480 699 2532 et
710 2464 865 2534 semente
883 2483 992 2558 prout
1008 2491 1030 2536 a
1042 2465 1184 2539 Christo

164 2580 406 2676 explicantur,
448 2603 528 2655 cum
557 2577 705 2673 epistola
736 2578 768 2649 S.
796 2577 896 2650 Pauli
923 2580 969 2652 ad
997 2580 1186 2655 Romanos

161 2717 237 2793 prae
266 2695 377 2769 oculis
402 2692 624 2779 habuissent,
653 2713 688 2766 et
715 2694 789 2765 eius
823 2721 860 2766 se
888 2695 1053 2770 doctrina
1078 2685 1185 2772 contiss

161 2814 331 2894 nuissent.
383 2812 484 2882 Nihil
505 2810 565 2882 hic
582 2811 811 2906 Evangelista
833 2812 879 2884 de
902 2794 1043 2888 zizaniis
1071 2817 1187 2913 super·

161 2928 360 3017 seminatis,
398 2929 444 3001 de
475 2928 603 3023 quibus
631 2928 830 3000 Matthaeus
860 2929 896 3000 in
926 2930 1101 3027 parabola
1128 2934 1186 3004 im·

160 3048 314 3122 mediate
349 3045 527 3142 parabolae
556 3064 759 3118 memoratae
799 3045 845 3119 de
883 3043 1077 3120 seminante
1110 3051 1185 3125 suh·

158 3167 302 3242 iuncta:
342 3173 471 3249 Aliam,
498 3160 636 3258 inquit,
657 3171 844 3252 parabolam
862 3177 1031 3255 proposuit
1054 3175 1119 3240 illis
1141 3180 1186 3240 di·

159 3315 255 3360 tens:
290 3292 394 3354 Simile
413 3291 541 3372 fuctum
566 3301 611 3354 est
635 3309 760 3369 regnum
786 3288 926 3350 calorum
951 3290 1095 3370 homini,
1134 3294 1185 3378 qui

147 3413 325 3489 seminavit
348 3410 458 3472 honum
471 3408 578 3489 semen
602 3412 635 3471 ιἰι
661 3425 736 3486 agro
746 3408 829 3487 suo,
857 3427 926 3472 cum
948 3420 1054 3471 autem
1074 3412 1185 3474 dotari·

157 3540 226 3591 rent
254 3530 409 3604 lromines,
445 3528 534 3588 uenit
560 3528 709 3588 'inimicus
739 3529 826 3600 eius,
863 3537 894 3588 et
919 3524 1183 3606 superseminavit

157 3646 287 3706 siaonia
310 3647 344 3705 in
368 3645 467 3706 medio
491 3643 600 3709 tritici.
669 3632 785 3729 Apud
812 3633 985 3704 Marcum
1011 3661 1090 3708 non
1120 3632 1184 3708 nisi

159 3752 205 3822 de
240 3750 355 3822 tritico
387 3769 441 3823 est
472 3752 618 3838 sermo,
657 3750 760 3845 quod
799 3751 893 3822 ultro
924 3749 1158 3825 fructificet
1148 3779 1184 3824 ιιι

158 3888 267 3954 terra,
303 3865 492 3938 homine
481 3866 629 3940 iaciente
665 3867 857 3939 sementem
893 3864 1116 3958 dormiente,
1150 3887 1183 3941 et

156 4004 338 4073 exsurgente
358 4004 446 4056 nocte
472 4004 503 4058 et
524 3994 599 4074 die,
623 4009 703 4082 quae
725 3983 898 4060 verbam
922 3986 1111 4084 prophetis
1140 3987 1182 4060 de

63 4174 192 4280 ἱ
