2460 4560
425 361 657 373 -0--
982 345 1050 415 143
1085 342 1091 346 ·

37 491 90 564 pte
114 499 169 557 ego
193 479 290 560 facio
312 479 345 540 r‘n
371 481 489 538 nomine
519 479 625 539 Putris
649 481 729 555 mei,
766 479 825 542 nac
847 484 1054 546 testimonium

30 599 184 680 perhibent
209 598 247 659 de
268 615 335 658 me:
350 594 414 674 sed
440 613 497 654 vos
522 611 582 655 non
611 597 756 673 creditis,
791 601 869 678 quin
899 606 1056 663 nonestis

32 731 67 776 ex
88 716 200 776 ovibus
223 694 307 774 meir.
358 701 528 772 Proxime
555 721 636 773 ante
667 704 744 774 haec
771 704 818 775 ad
842 705 984 778 Judaeos
1010 709 1055 782 de

34 821 201 908 ovilisuo
225 823 425 892 sermonem
444 818 545 902 fecit,
575 817 673 890 cuius
691 818 775 915 ipse
790 842 825 893 et
843 822 972 894 ostium
997 807 1056 912 fiel,

32 933 63 1013 οὶ
89 957 217 1035 pastor
242 933 306 1027 n):
346 937 459 1031 „Ego
486 936 561 1007 sum
581 935 720 1007 ostium
772 937 839 1011 Per
857 967 913 1011 me
931 941 958 1012 si
977 943 1057 1037 quis

31 1054 227 1141 introierit,
265 1053 477 1126 salvabitur:
512 1072 548 1124 et
569 1051 807 1147 ingredietur,
836 1077 872 1128 et
899 1061 1057 1152 egredie-

23 1192 101 1259 tur,
131 1192 168 1243 et
192 1197 325 1267 pascua
349 1170 518 1244 inveniet.
582 1169 655 1242 Fur
679 1192 754 1242 non
778 1173 895 1260 venit,
923 1175 988 1247 nisi
1015 1196 1056 1252 ut

30 1290 184 1373 iuretur,
221 1308 257 1359 et
274 1307 422 1374 mactet,
450 1307 484 1358 et
506 1286 641 1382 perdat.
699 1287 782 1382 Ego
810 1284 915 1378 veni,
943 1311 982 1366 ut
1005 1297 1058 1369 vi.

31 1425 99 1478 tam
125 1404 300 1492 habeant,
337 1407 371 1476 'et
395 1404 640 1477 abundantius
659 1404 823 1477 habeant.
874 1408 956 1504 Ego
978 1414 1056 1486 sum

31 1543 149 1621 pastor
179 1522 309 1594 bonus.
380 1520 504 1593 Bonus
534 1541 655 1618 pastor
685 1522 838 1597 animam
868 1528 964 1598 suam
994 1530 1056 1605 dat

31 1667 95 1737 pro
118 1636 249 1711 ovibus
270 1636 383 1710 luis.“
434 1637 817 1732 Haec3berrignissimus
835 1643 986 1715 salvator
1009 1649 1056 1718 ad

32 1757 192 1842 ludaeos,
223 1754 284 1851 qui
305 1757 422 1851 ipsum
448 1780 523 1824 non
550 1757 663 1825 multo
684 1775 767 1849 post
793 1779 908 1829 morte
931 1763 1057 1856 turpis·

32 1875 117 1946 sima
141 1891 242 1944 erant
262 1871 550 1956 condemnaturi,
579 1895 669 1965 quos
688 1872 858 1944 hactenus
876 1874 1055 1952 indefesso

32 1991 176 2074 labore,
213 1990 376 2059 sermone
407 2007 441 2058 et
468 2012 577 2082 opere
607 2004 661 2057 tot
686 1985 859 2082 nimirum¹
881 1991 1068 2069 miraculis.

34 2107 266 2180 contenderat
286 2105 330 2176 ad
346 2104 443 2176 ovile
461 2106 560 2176 suum
579 2125 719 2176 vocate.
773 2105 841 2184 Sed
859 2136 934 2181 non
957 2133 1059 2187 erant

37 2223 82 2296 illi
108 2251 156 2296 ex
187 2222 317 2296 ovibus
347 2222 437 2308 suu,
477 2221 700 2316 dequibus,
738 2249 879 2311 „oves‚-
915 2226 1056 2319 aith),

36 2368 118 2414 meae
145 2365 276 2414 vocem
298 2365 411 2410 meam
437 2334 606 2410 audiunt:
634 2360 670 2411 et
688 2363 757 2435 ego
781 2363 964 2437 cognosco
986 2367 1061 2435 eas,·

37 2480 66 2532 et
88 2462 285 2554 sequuntur
310 2483 395 2527 met
416 2476 452 2528 et
477 2482 545 2552 ego
574 2454 684 2528 vitam
713 2477 879 2531 aeternam
907 2463 956 2533 do
985 2464 1055 2536 eis:

36 2597 67 2649 et
93 2602 171 2647 non
197 2573 364 2672 peribunt
388 2575 424 2644 in
453 2593 647 2658 aeternum,
688 2593 723 2645 ct
753 2601 827 2646 non
861 2577 973 2672 rapiet
999 2607 1058 2652 eas

36 2689 220 2791 quisquam
236 2688 286 2795 de
308 2681 528 2762 manu-mea.
573 2689 677 2761 Pater
699 2716 818 2777 meus,
841 2693 941 2786 quod
960 2684 1061 2771 dedit

35 2810 139 2897 mihi,
167 2807 279 2879 maius
302 2808 468 2879 omnibus
491 2828 567 2879 est:
604 2827 649 2901 et
663 2832 769 2880 nemo
792 2829 912 2905 potest
932 2833 1061 2910 rapere

35 2931 77 3002 de
97 2951 209 2999 manu
230 2923 342 2997 Patris
368 2924 448 2996 mei.
470 2959 472 2962 ⁴
499 2925 601 3019 Ego,
625 2944 659 2996 et
677 2924 779 2996 Pater
796 2952 906 2999 unum
926 2931 1059 3003 sumus.

32 3045 259 3119 Sustulerunt
276 3068 362 3137 ergo
381 3042 514 3138 lapides
535 3041 663 3130 ludaei,
691 3062 731 3114 ut
747 3044 944 3139 lapidarent
964 3053 1064 3118 eum.'

29 3159 245 3259 Respondit
257 3159 306 3231 eis
320 3154 438 3231 lesus:
458 3159 582 3232 Multa
594 3159 693 3231 bona
711 3181 822 3256 opera
840 3163 981 3233 ostendi
995 3190 1062 3236 vo-

27 3281 86 3355 bis
103 3305 151 3351 ex
162 3277 265 3348 Patre
279 3301 378 3363 meu,
396 3296 543 3373 propter
554 3279 653 3371 quod
667 3256 790 3349 coium
802 3305 892 3372 opus
904 3305 961 3350 me
974 3281 1062 3375 lapi·

27 3396 157 3472 datis?
183 3393 472 3489 Responderunt
497 3393 528 3464 ei
555 3393 690 3465 ludaei:
732 3394 793 3465 De
816 3394 917 3466 bono
949 3420 1064 3492 opere

24 3540 110 3589 non
130 3513 330 3607 lapidamus
351 3530 405 3582 te:
424 3510 502 3590 ⁴led
530 3509 574 3579 de
594 3507 832 3604 blasphemia,
860 3530 897 3581 et
915 3514 996 3608 quia
1021 3535 1064 3589 tu

24 3634 150 3706 homo
188 3654 268 3700 cum
313 3627 376 3716 fis,
412 3626 497 3699 facis
524 3625 691 3721 teipsum
729 3625 904 3698 Deum.“
977 3630 1062 3704 Valr

23 3727 391 3844 impudentissimam
426 3743 723 3842 perversitatem!
782 3743 867 3815 dum
911 3773 931 3819 a
976 3774 1064 3845 pau·
1095 3760 1121 3850 J

25 3869 107 3965 cis,
154 3862 285 3960 quibus
313 3861 477 3937 Christus
514 3859 749 3960 Evangelium
785 3860 923 3937 bonum
963 3864 1064 3942 illum

72 4015 106 4093 a)
134 4013 182 4081 J..
207 4012 244 4071 at
267 4029 294 4084 9.
384 4013 415 4092 a)
436 4012 475 4072 n.
500 4025 570 4084 aa·
757 3985 760 3990 ’
