2460 4560
157 378 202 426 20
462 367 464 371 ’
537 333 782 411 ''J-*4¹⁸3

155 507 242 576 nato
265 490 302 574 in
328 502 524 604 praesepio,
550 529 626 574 non
645 502 697 574 est
712 507 813 576 locus
839 501 875 574 in
898 494 1178 593 diversorio,·iu·

155 623 226 694 hoc
251 624 410 722 mundo:
438 640 629 716 regnaturo
650 639 774 691 antem
799 619 974 695 indomo
996 623 1107 695 Jacob
1137 623 1182 694 in

153 759 341 827 aeternum,
373 739 518 810 cuiusve
547 737 648 832 regni
675 764 750 808 non
770 737 841 809 etit
866 738 970 825 linis,
997 762 1072 810 non
1098 741 1173 836 pot·

154 874 207 927 est
238 882 314 939 esse
339 872 489 949 regnum
520 854 564 926 de
591 854 661 924 hoc
692 855 830 926 mundo
859 854 967 926 finem
996 855 1177 928 habituro.»

154 971 268 1064 Quod
285 970 390 1066 igitur
409 970 571 1044 Christus
588 966 703 1067 palam
722 991 842 1042 coram
861 970 976 1044 Pilato
996 972 1108 1045 edixit
1125 970 1175 1062 a),

151 1071 303 1182 regnum
326 1089 426 1159 suum
456 1102 530 1159 non
556 1113 631 1158 esse
661 1087 706 1159 de
732 1087 803 1160 hoc
828 1088 985 1173 mundo,
1005 1087 1077 1160 hic·
1094 1090 1176 1161 elin-

153 1204 230 1299 guis
264 1203 381 1275 adhuc
414 1200 450 1274 in
486 1203 623 1275 stabulo
657 1205 758 1275 velut
795 1225 894 1276 extra
925 1206 1176 1279 commercium

151 1321 346 1392 humanum
374 1318 535 1417 pusitus,
571 1319 689 1391 iacens
716 1318 752 1389 in
777 1320 952 1417 praesepio
976 1315 1175 1417 profitetnrss

154 1435 340 1531 Quodque
361 1436 397 1508 in
418 1438 524 1509 horto
545 1435 631 1507 dicit
651 1435 814 1507 Christus
835 1437 879 1508 de
897 1437 1099 1532 legionibus
1119 1463 1177 1511 an·
1202 1475 1205 1481 ·

152 1556 315 1649 gelbrum
341 1550 403 1644 li),
431 1553 617 1626 etiterum
643 1551 758 1624 Pilato
786 1553 831 1624 de¹
858 1553 982 1626 iisdem
1004 1555 1176 1627 ministris

35 1703 37 1719 ·
152 1688 220 1767 pro
239 1682 288 1743 'se'
316 1669 523 1756 certaturis,
562 1669 590 1740 si
615 1686 763 1763 regnum
789 1672 888 1740 {uum
917 1690 1008 1742 esset
1031 1673 1077 1742 de
1104 1673 1174 1744 hoc

152 1787 309 1873 m'und03
346 1789 384 1859 id
420 1779 609 1860 exhibetur
640 1805 724 1857 nato
756 1784 921 1858 Domino
953 1785 997 1858 ad
1030 1788 1176 1861 demon

151 1905 334 1976 strandum
363 1920 444 1976 eunt
469 1921 589 1999 regem
613 1907 814 1975 coelorum.v
853 1899 911 1976 En
940 1905 1176 1989 oecouonriam

152 2020 310 2092 divinam
337 2019 523 2114 Evangelii
555 2020 688 2090 Christi
715 2019 917 2114 pastoribus
944 2021 1175 2094 denuntiati!

151 2135 298 2207 Adsunt
317 2134 436 2206 nuncii
461 2161 480 2206 e
507 2137 599 2207 colo
624 2135 751 2227 (cuius
776 2136 877 2230 regni
907 2139 1056 2209 coelestis
1080 2138 1177 2208 nimi-

150 2269 231 2324 rum
254 2270 328 2322 non
351 2251 414 2322 erit
433 2247 540 2336 finis)
567 2251 612 2321 ad
635 2269 792 2346 pastores
818 2251 853 2320 in
878 2253 1026 2346 regione
1052 2255 1176 2327 eadem

151 2367 356 2462 vigilantest
395 2367 496 2438 adest
519 2367 711 2463 splendor,
746 2366 802 2438 cui
835 2365 882 2439 nil
916 2368 953 2439 in
984 2370 1082 2442 terris
1113 2395 1203 2467 par-1

154 2504 231 2556 esse
256 2498 393 2579 potesta
421 2493 464 2554 Et
484 2495 570 2558 ecce!
597 2494 720 2571 angelus
740 2492 867 2554 Domini
876 2491 968 2570 stetit
985 2498 1080 2557 iuxta
1099 2499 1176 2575 illos,

152 2622 182 2672 et
196 2611 329 2672 'claritas
352 2601 411 2672 Dei
432 2610 636 2689 circumfulsit
654 2598 796 2689 illust),
820 2601 1109 2698 evangelizatque
1129 2605 1178 2676 eis
1203 2636 1206 2642 ¹

153 2720 300 2811 angelus
315 2745 318 2751 ’
333 2717 504 2818 gaudium
533 2736 699 2813 magnum
714 2742 729 2803 ,·
759 2727 844 2808 quud
869 2720 928 2790 erit
956 2731 1039 2789 omni
1058 2731 1178 2811 populo

154 2841 229 2905 nou
249 2844 384 2905 tantum
398 2823 564 2921 ludaico,
581 2835 643 2906 sed
660 2833 824 2907 omnibus
843 2833 1027 2930 gentibus,
1047 2837 1177 2932 quibus

153 2948 343 3044 aliquando
371 2948 560 3022 idem-erit
581 2949 894 3046 evangelizandum
917 2962 1068 3036 gaudium
1093 2983 1176 3040 mag*
1201 2989 1204 2996 ·

152 3086 244 3152 arim,
271 3052 372 3160 quod
395 3058 454 3138 lrit
474 3055 675 3162 pastoribus
701 3067 954 3154 annunciatur,
982 3068 1096 3163 „quia
1119 3096 1177 3144 na·
1200 3111 1201 3117 κ

153 3201 209 3255 tus
244 3201 296 3254 est
328 3181 431 3254 vobis
466 3182 576 3254 hodie
612 3180 796 3269 Salvator,
833 3182 894 3278 qui
925 3203 977 3255 est
1008 3184 1176 3259 Christus

152 3288 337 3371 Dominus
353 3296 389 3369 in
409 3297 548 3372 civitate
566 3296 698 3369 David.
735 3299 783 3370 Et
803 3299 875 3371 hoc
895 3299 1001 3372 vobis
1020 3301 1177 3396 signum:

102 3454 104 3462 ·
153 3415 339 3487 invenietis
358 3402 541 3486 'infantem‘
563 3411 941 3510 pannissi'nvolutum',
962 3434 997 3488 et
1016 3416 1177 3512 pdsltum

152 3526 188 3643 in
207 3524 425 3634 praesepio‘*
468 3531 699 3605 Pauciotibus
717 3532 880 3627 quidem,
896 3531 961 3602 ‘sed
982 3531 1178 3628 significan*

102 3744 103 3747 Ἴ
153 3647 301 3720 tioribus
328 3647 480 3734 verbis,
509 3665 614 3749 quam
642 3649 837 3720 nasciturus
861 3647 1177 3725 Zachariae¹sacen

155 3763 252 3851 dotl,
278 3783 320 3836 ac
345 3759 413 3861 ipsi
439 3759 568 3860 virgini
594 3764 744 3851 Maria,
771 3762 1005 3837 denunciatur
1028 3770 1177 3862 pastori·

154 3883 222 3959 bus
248 3880 317 3953 iam
348 3901 451 3954 natus
478 3892 651 3973 Salonina,
688 3893 743 3972 prii
767 3903 813 3952 ert
842 3888 977 3954 Christus
1012 3891 1175 3960 uomina.

198 4033 229 4106 a)
250 4031 296 4098 Ji.
320 4030 400 4088 arar.
423 4035 467 4100 3⁶.
530 4031 562 4106 a>
575 4015 681 4088 aaut.
702 4029 811 4098 irrui.
837 4043 880 4100 53.
947 4031 977 4108 c)
998 4021 1060 4091 tua
1080 4033 1124 4092 ιι.
1145 4050 1172 4105 9.
