2460 4560
499 351 730 414 2¹¹¹*-
1050 388 1116 449 101

98 509 306 586 dimittimus
330 507 550 583 debitoribus
575 511 705 583 nostris
733 530 798 584 etc.
851 510 884 583 Si
909 512 1002 584 enim
1025 513 1123 585 dimi-

97 629 209 702 seritis
232 626 436 702 hominibus
457 647 602 725 peccata
622 656 764 702 eorum:
790 629 942 702 dimittet
963 651 997 703 et
1015 630 1128 704 vobis

97 744 204 819 Pater
233 766 353 819 vester
388 745 536 818 coelestis
569 745 696 818 delicta
726 767 852 819 vestra.
937 747 972 817 Si
1004 768 1121 820 autem

94 889 173 934 non
193 862 391 936 dimiseritis
412 861 636 949 hominibus,
664 889 730 935 nec
751 862 854 936 Pater
871 884 987 937 vester
1009 862 1125 936 dimit·

95 995 147 1052 tet
165 980 274 1053 vobis
297 1000 444 1076 peccata
462 1001 588 1054 vestra.
602 981 624 1016 “
655 1059 658 1077 Ι
675 979 757 1052 Hoc
786 989 862 1067 est,
881 982 982 1076 quod
1002 1001 1120 1069 cavet,

96 1099 185 1170 dum
211 1098 349 1169 dixerat
368 1093 428 1187 c):
455 1127 491 1180 ne
504 1108 593 1186 forte
611 1107 721 1169 tradat
741 1120 773 1169 te
791 1107 989 1170 adversarius
1007 1110 1121 1185 indici,

95 1238 126 1289 et
155 1225 253 1286 iudex
283 1223 392 1286 tradat
419 1236 449 1286 te
475 1227 637 1300 ministro,
650 1217 706 1284 ¹et
734 1226 767 1283 in
796 1242 944 1285 carcerem
972 1227 1120 1289 mittaris.

95 1345 197 1405 Amen
224 1341 291 1401 dico
316 1341 392 1418 tibi,
419 1360 480 1402 non
508 1344 591 1427 exies
615 1340 707 1415 inde,
745 1340 836 1401 donec
858 1343 968 1404 reddas
994 1320 1132 1404 novissi-¹
1161 1312 1194 1350 ⁹

97 1478 183 1521 mum
215 1457 439 1540 quadrantem,-
475 1447 513 1518 in
540 1451 645 1522 altera
669 1427 831 1520 nimiriim
863 1448 936 1520 vita
965 1448 1120 1520 districto

75 1563 209 1637 iudici
251 1563 429 1639 trademur
464 1564 511 1637 ad
548 1566 787 1662 supplicium,
827 1567 1128 1695 reddendumque!

98 1707 208 1754 omne
240 1680 338 1753 debit
325 1700 399 1755 tum
425 1703 582 1756 cessante
608 1683 668 1756 illa
694 1683 1004 1780 compensatione,
1042 1707 1120 1776 quae
1210 1739 1213 1743 .

98 1803 222 1870 locum
244 1824 339 1869 nunc
361 1799 492 1885 habet,
517 1798 635 1870 dum
625 1826 662 1869 m
684 1801 744 1872 via
765 1803 891 1871 sumus.
943 1796 1013 1869 ld
1004 1825 1083 1894 ipsi
1088 1824 1123 1867 m

99 1942 166 1988 nos
186 1915 313 1986 edocet
332 1915 502 2014 parabola
520 1917 564 1987 de
582 1918 685 1988 servo
704 1915 865 1988 debitore
881 1912 936 2004 b),
960 1914 1026 2009 qui
1041 1912 1129 2003 cum*

99 2034 130 2105 ei
153 2031 320 2104 dominus
338 2021 419 2105 ¹suus
442 2032 629 2106 dimisisset
649 2034 808 2106 debitum
833 2035 954 2106 decem
976 2031 1122 2105 millium

96 2135 334 2236 talentorum,
369 2150 447 2249 ipse
480 2171 596 2222 autem
629 2178 805 2251 conservo
835 2153 898 2223 suo
931 2149 1123 2246 nequidem

96 2271 209 2361 longe
236 2266 381 2338 minoris
408 2267 519 2339 debiti
543 2268 807 2355 remissionem,
835 2288 894 2340 aut
916 2270 1034 2365 saltem
1057 2267 1122 2338 sol·

96 2383 209 2457 vendi
233 2375 437 2478 dilationem
462 2385 658 2457 concedere
683 2388 807 2472 vellet,
832 2381 976 2472 traditus
1003 2404 1056 2455 est
1077 2379 1130 2454 ab

95 2499 189 2573 irato
211 2499 360 2575 domino
383 2502 447 2573 suo
466 2501 677 2587 tortoribus,
703 2499 937 2595 quoadusque
959 2501 1123 2602 redderet
1168 2493 1174 2503 ’

94 2617 306 2691 universum
333 2602 502 2693 debitum.
566 2615 641 2688 Ubi
666 2617 765 2690 addit
791 2616 952 2688 Christus
981 2613 1036 2704 c):
1074 2625 1122 2685 Sic

96 2756 129 2807 et
156 2745 362 2810 Paterentur
389 2736 516 2812 celestis
532 2742 635 2824 faciet
664 2744 775 2821 vobis,
810 2745 838 2804 si
864 2762 923 2804 non
947 2744 1130 2856 retruseritis}

97 2855 309 2944 unusquisqne
325 2859 429 2941 fratri
441 2859 505 2940 suo
531 2861 567 2922 de
593 2863 732 2924 cordibus
755 2863 877 2923 vestris.

172 3082 304 3181 Pergit
321 3079 409 3156 vero
436 3085 540 3180 supra
570 3084 732 3158 Christus
759 3080 821 3176 c):
859 3096 1022 3171 Audistis,
1050 3095 1126 3175 qnia

96 3213 217 3274 dictum
241 3215 465 3294 estantiquis:
497 3213 565 3272 Non
585 3199 820 3275 *mechaberis*
847 3212 910 3287 Ego
933 3224 1035 3271 antem
1059 3212 1129 3293 dico

95 3328 208 3390 vobis:
236 3329 312 3408 qnia
331 3307 459 3405 omnis,
473 3331 528 3410 qui
549 3331 664 3390 viderit
686 3331 841 3390 mrelierem
860 3330 903 3387 nd
922 3320 1130 3407 concrqn'seenss

97 3446 174 3507 dam
194 3461 281 3520 eam,
304 3446 368 3508 iam
389 3445 556 3508 mactatus
575 3459 621 3508 est
639 3465 711 3508 com
724 3450 756 3506 in
775 3445 862 3505 corde
870 3443 943 3522 suo
983 3427 1130 3516 tetrada.

95 3551 179 3624 illos
205 3576 251 3622 ex
275 3550 487 3661 christianis,
514 3552 576 3646 qui
599 3573 682 3648 post
708 3572 778 3624 tam
807 3573 962 3646 apertam
993 3551 1125 3623 Christi

97 3667 340 3762 evangelicam
371 3672 486 3764 legem
523 3669 654 3743 audent
685 3669 801 3740 adhuc
834 3669 878 3739 ad
912 3658 1131 3764 decalogum
1190 3691 1197 3724 ’-

97 3809 299 3882 provocare
343 3783 389 3856 ad
431 3789 634 3882 excusanda
673 3785 739 3857 alia
776 3770 908 3883 piaeter
939 3784 1129 3858 moechiam¹

136 3967 492 4128 <c)'d131altzbyfflaeetc
580 3969 609 4046 b)
631 3971 670 4032 lb.
697 3970 810 4032 XVMI.
836 3985 879 4040 23·
921 4008 924 4015 ·
959 3969 993 4042 s)
1015 3967 1054 4023 lb·
1080 3981 1132 4036 as·

274 4090 281 4106 .
334 4069 409 4120 027·
