2460 4560
566 337 796 352 *-

175 317 243 396 158

170 455 290 527 omnia
313 453 485 551 praeterit,
513 452 576 524 etsi
597 451 633 521 in
655 451 776 523 Judaea
802 471 907 548 atque
928 451 1182 554 Hierosolymis

169 599 189 644 a
214 572 358 644 Christo
383 571 490 655 dicta,
519 594 598 664 quae
618 567 701 650 alias
729 569 925 664 singillatim
953 577 1185 670 persequitur,

166 688 205 759 in
231 691 512 785 supplementum
537 679 753 781 reliquorum
774 686 1107 782 Evangelistarum,
1133 693 1186 788 qui

167 806 609 907 potissimumuenarrant,
646 821 724 897 quae
753 821 773 873 a
804 801 950 876 Christo
979 805 1017 877 in
1048 807 1186 881 Galilaea

47 955 54 968 ,
165 926 248 997 sunt
273 942 394 1017 gesta5
432 920 516 1007 ubi,
557 934 683 1016 praeter
707 920 796 991 festa·
829 919 900 991 lere
931 921 1184 1022 Hierosolymis

71 1024 73 1030 ¹
169 1032 475 1124 concelebranda,
525 1053 763 1109 commoratus
805 1026 955 1137 docuit,
1009 1067 1051 1113 ac
1088 1068 1184 1138 quam

166 1156 317 1252 plurima
347 1154 498 1251 patravit
523 1154 690 1224 miracula
721 1153 766 1227 ad
780 1128 1185 1253 linem-propemodum

89 1262 92 1270 ¹
163 1273 245 1348 vitae
270 1298 310 1343 ac
332 1271 487 1343 ultimam
513 1269 593 1343 vitae
615 1263 896 1357 hebdomadam,
925 1273 970 1344 de
999 1292 1072 1371 qua
1091 1276 1184 1348 Joan.

164 1416 228 1462 nes
253 1412 370 1476 narrat
393 1385 453 1478 n),
478 1386 596 1461 Jesum
616 1370 697 1458 ante
715 1389 776 1459 sex
800 1388 873 1459 dies
890 1390 1034 1484 paschae
1051 1393 1180 1466 venisse

163 1505 402 1592 Bethaniam‚
441 1501 504 1607 ubi
533 1504 703 1575 Lazarum
731 1486 956 1577 suscitaverat
984 1533 1005 1579 a
1033 1508 1182 1582 mortuis.

164 1633 312 1701 Fecerunt
338 1644 442 1699 autern
467 1634 497 1694 ei
519 1649 633 1692 cenam
658 1624 723 1691 ibit
758 1643 789 1692 et
808 1629 942 1694 Marna
967 1629 1179 1712 ministrabat,

163 1749 307 1814 Lazarus
327 1760 402 1810 vero
427 1758 505 1810 nntrs'
527 1759 594 1810 erat
615 1756 654 1809 ex·
671 1747 926 1811 discumbentibus
941 1769 1013 1811 cnm
1030 1771 1075 1813 eo.
1119 1749 1181 1813 Ma·

162 1870 214 1928 rin
234 1885 303 1942 ergo
325 1840 442 1946 accepit
465 1861 576 1926 libram
594 1866 739 1940 unguenti
757 1866 847 1925 nardi
861 1867 971 1945 pistici
983 1871 1137 1947 pretiosi,
1155 1877 1181 1928 et

162 1987 255 2044 unxit
282 1971 375 2062 peder‘
403 1980 500 2056 Jern,
535 1994 566 2043 et
594 1982 723 2042 extersit
748 1982 843 2061 pedes
870 1985 937 2043 eins
967 1984 1091 2064 capillis
1106 1981 1178 2062 suis.

163 2089 400 2168 Occasionem
422 2080 514 2158 lianc
536 2087 655 2183 arripit
679 2087 1088 2196 Christuspraedicendi
1107 2115 1180 2187 pro

160 2203 294 2277 ximam
316 2196 529 2298 sepulturam
557 2205 678 2289 suam,
714 2203 801 2276 ficut
826 2223 902 2276 non
931 2200 1039 2278 lemel
1069 2226 1180 2304 aperte

161 2319 374 2418 praedixerat
398 2318 622 2415 passionem,¹
648 2340 820 2405 mortem,
849 2340 884 2392 et
907 2341 995 2416 post
1019 2342 1090 2395 tres
1114 2323 1180 2394 dies

161 2429 458 2511 resurrectionem
487 2438 595 2509 suam.
656 2436 749 2509 Cum
776 2455 891 2509 autem
920 2458 1002 2509 eum¹
1033 2439 1085 2512 ibi
1114 2465 1180 2512 esse

73 2581 75 2585 ·
161 2541 392 2650 cognovisset
415 2551 518 2626 turba
542 2557 653 2626 multa
673 2553 901 2639 Judaeorum,
925 2555 1047 2628 subdit
1071 2557 1181 2648 Evan-

159 2673 306 2769 gelista‚
342 2698 403 2743 eos
435 2670 574 2742 venisse
608 2673 702 2744 illuc.
766 2671 855 2742 Non
886 2692 1037 2768 propter
1067 2674 1181 2748 Jesum

160 2809 320 2873 tautum,
353 2787 413 2858 sed
440 2806 479 2859 ut
504 2787 674 2860 Lazarum
704 2782 890 2874 viderent,
919 2805 1026 2884 quem
1047 2790 1181 2862 suscita·

159 2906 212 2980 vit
234 2932 254 2976 a
273 2903 440 2988 mortuis;
462 2929 584 2998 'quem
614 2931 702 2976 vero
735 2921 776 2976 et'
795 2896 912 3000 ipsum
938 2906 1180 3001 cogitaverunt

158 3021 336 3122 principes
353 3020 576 3097 sacerdotum
595 3021 866 3118 imperceptibili
882 3021 1113 3118 perversitate
1135 3023 1181 3093 in·

158 3140 327 3213 terficere.
389 3135 555 3206 Turbam
585 3162 672 3209 vero
703 3138 740 3207 in
772 3137 961 3211 crastinum
993 3126 1179 3236 propterea

157 3257 302 3330 obviam
329 3245 361 3324 ei
379 3251 519 3325 venisse
543 3274 659 3325 narrat
680 3254 909 3350 Evangelista
933 3251 993 3344 b),
1022 3266 1108 3348 Quia
1130 3283 1180 3325 nn·

155 3385 297 3459 dierunt,
326 3364 394 3442 enm
404 3379 520 3457 fecisse
537 3378 594 3439 lroc
603 3377 735 3456 fignurn.
772 3370 915 3443 Omnia
933 3371 1017 3473 haec.
1034 3373 1082 3443 ad
1100 3396 1178 3468 pree·

154 3490 317 3563 stitutum
334 3489 441 3561 finem
461 3487 718 3583 redemptionis
738 3504 866 3580 nostrae
888 3514 952 3584 per
976 3488 1175 3582 passionem

155 3600 191 3681 et
215 3626 366 3678 mortem
397 3608 493 3679 luam
525 3605 724 3677 serviebant
754 3604 919 3691 Christo,
959 3604 1035 3678 five
1066 3605 1173 3677 amico

154 3726 227 3798 save
247 3722 393 3794 inimico·
417 3722 536 3794 animo
557 3721 702 3794 fierent:
731 3721 1048 3817 deducebaturque
1071 3721 1110 3793 in
1128 3744 1173 3794 ur·

153 3844 237 3917 bem
267 3834 368 3911 velut
394 3839 432 3908 in·
458 3839 661 3936 triumpho,
698 3838 759 3934 qui
788 3839 912 3938 paucis
941 3859 1027 3936 post
1055 3838 1170 3912 diebtn

104 3970 113 3988 ⁸
196 3999 226 4070 a)
247 3992 293 4062 Jo.
316 3963 394 4053 XII·
420 3998 518 4045 taetri
583 3987 632 4068 ‚0
655 3989 695 4052 lt.
721 4001 763 4056 18.·
