2460 4560
172 325 223 417 9⁶
571 357 802 372 ----

168 463 532 545 APOSTOLICA
566 466 645 540 An
679 454 1192 548 constt‘r‘nnnnnn

424 597 716 666 Eccttstnn
751 599 945 668 MISSIO.
1178 592 1181 601 ’

169 821 309 929 XVIII.
330 752 384 891 P
387 819 573 892 raedixerat
600 819 672 891 hoc
700 808 808 891 Petro
835 819 1000 895 Christns
1031 815 1115 922 p'ost
1137 845 1181 898 re⁴
1220 876 1226 963 1

30 987 38 1001 ,
130 1023 132 1026 y
164 937 420 1014 surrectionem
441 940 537 1009 snam
563 932 624 1025 a),
656 961 736 1007 cum
763 937 879 1009 eidem
902 964 989 1014 oves
1018 962 1053 1014 et
1078 967 1179 1038 agnos
1223 982 1226 1005 ε

165 1055 367 1152 pascendos
393 1052 643 1136 commisisset;
671 1074 774 1125 antea
799 1074 934 1144 autem,
964 1059 1053 1130 du'm
1074 1048 1178 1157 ipsum

164 1174 303 1266 Filium,
325 1171 398 1244 Dei
429 1171 609 1244 confess&
640 1190 717 1258 est,
755 1171 903 1244 beatum
934 1175 1096 1248 edixerat
1120 1173 1177 1266 b):
1215 1161 1226 1195 ³

163 1284 296 1389 „Quia
312 1309 395 1362 caro
413 1306 448 1360 et
465 1286 603 1382 sanguis
623 1266 697 1358 noia
716 1289 887 1362 revelavit
902 1288 984 1378 tibi,
1006 1293 1067 1380 le'd
1084 1292 1179 1364 Pater

143 1429 286 1496 meus,
313 1409 374 1504 qui
399 1406 437 1477 in
461 1405 556 1479 coelis
584 1425 644 1478 est.
712 1404 760 1476 Et
788 1429 857 1499 ego
884 1404 968 1479 dico
994 1407 1085 1497 tibi,
1108 1410 1181 1506 quia

163 1546 205 1600 tu
232 1552 268 1598 es
293 1523 444 1611 Petrus,
462 1543 497 1594 et
519 1523 621 1618 super
644 1521 736 1594 hanc
759 1540 897 1617 petram
920 1523 1106 1611 aedificabo
1136 1551 1182 1598 ec·

165 1643 308 1738 alesiam
335 1667 472 1728 meam,
509 1658 545 1712 et
573 1657 687 1735 portae
714 1637 817 1710 inferi
845 1664 919 1711 non
944 1643 1182 1737 praevalebunt

61 1830 66 1836 .
164 1762 335 1835 adversus
356 1785 442 1831 eam.
481 1757 531 1830 Et
549 1754 613 1828 tibi
636 1754 731 1828 dabo
751 1759 867 1828 claves
886 1759 986 1853 regni
1005 1764 1181 1833 coelorum.

164 1879 214 1951 Et
235 1860 476 1974 quodcimque
495 1858 657 1972 ligaveris
675 1876 778 1971 super
796 1894 940 1961 terram,
961 1877 1028 1949 erit
1043 1877 1182 1974 ligatum

165 1995 258 2066 etin
280 1993 396 2065 eoelis:
424 2012 459 2064 et
482 1993 727 2087 quodcunque
750 1990 894 2067 solveris
915 1976 1019 2090 super
1041 1981 1183 2082 terram,

122 2153 124 2159 ·
160 2109 231 2183 erit
252 2111 406 2181 solutum
433 2128 468 2179 et
489 2108 527 2180 in
553 2108 659 2180 coelis.

240 2343 360 2436 Quam
386 2341 445 2415 hic
469 2367 550 2415 cum
574 2341 647 2415 aliis
678 2341 919 2439 praerogativis
948 2341 1050 2417 dedit
1080 2343 1184 2419 Petro

161 2460 296 2557 ligandi
319 2480 354 2533 et
368 2459 530 2534 solvendi
552 2480 761 2556 potestatem
780 2453 1017 2556 singulariter,
1037 2465 1184 2555 eandem

163 2579 267 2652 etiam
291 2578 423 2652 caeteris
449 2578 619 2675 apostolis
643 2578 742 2650 dedit
764 2575 821 2667 c),
860 2597 1053 2675 postquam
1076 2583 1183 2676 paulo

75 2783 77 2787 ¹
160 2719 246 2797 post
272 2696 440 2769 Ecclesiae
464 2697 533 2767 suae
564 2695 719 2767 tribunal
752 2686 1013 2783 constituisset,
1053 2689 1186 2793 profes·¹

158 2841 240 2902 sus,
267 2814 367 2910 quod
394 2811 455 2909 qui
480 2812 674 2885 Ecclesiam
696 2838 772 2884 non
798 2811 964 2899 audierit,
990 2811 1033 2885 fit
1055 2814 1185 2886 haben·

46 2936 49 2942 ’
160 2932 336 3005 dus'ficut
359 2930 520 3003 ethnicus
544 2948 579 3003 et
599 2929 833 3027 publicanus,
861 2941 958 3002 Amen
983 2939 1052 3001 dico
1077 2941 1182 3016 vobis,

157 3048 361 3122 immediate
379 3047 494 3133 addit,
519 3070 699 3138 quacunque
715 3057 921 3131 alligaveritis
927 3053 1028 3136 snper
1051 3068 1179 3132 terram,

149 3145 248 3239 ¹tranat
272 3178 371 3252 ligata
397 3187 428 3236 et
452 3177 485 3235 in
514 3174 607 3233 coelo:
643 3163 679 3234 'ed
708 3189 889 3255 quacunque
903 3170 1070 3250 solveritis
1085 3172 1181 3254 fitper

155 3308 289 3370 terram,
312 3285 402 3354 enim
411 3290 524 3370 solnta
544 3300 575 3352 et
598 3290 632 3350 in
657 3289 738 3353 coelo.
791 3276 956 3352 Contulit
983 3279 1052 3352 illis
1082 3278 1181 3385 Chri·

154 3420 230 3474 stus
249 3401 398 3472 eandem
417 3396 617 3470 remittendi
636 3415 781 3492 peecata
797 3415 1012 3493 potestatem
1028 3396 1180 3494 pretium

154 3517 385 3590 redemtionis
405 3535 556 3602 nostrae,
579 3540 686 3610 quam
707 3538 808 3600 cnm,
831 3532 871 3585 ut
891 3515 995 3611 supra
1014 3513 1179 3601 vidimus,

153 3635 230 3730 ipse
255 3655 453 3722 exerceret,
488 3635 751 3729 blasphemasse
778 3626 960 3703 Pharisaeis
984 3630 1084 3706 visus
1110 3651 1177 3716 est3

154 3776 232 3824 eam
254 3768 370 3821 antem
393 3750 463 3822 fibi
487 3751 681 3848 legitimam
708 3739 803 3833 esse,
830 3747 1001 3820 miraculo
1034 3744 1178 3822 demon·

152 3866 294 3977 stianit,
312 3867 460 3963 perinde
474 3893 514 3941 ac
529 3867 699 3964 apostoli,
715 3885 859 3962 accepta
873 3889 1017 3963 quoque
1031 3884 1176 3960 utraque

192 4017 223 4096 a)
235 4018 282 4088 Jo.
303 4016 386 4080 XXI.
405 4031 447 4088 ις.
512 4016 542 4094 b)
558 4018 660 4078 Mani.
681 4013 760 4077 XVI.
782 4020 825 4080 16.
898 4013 982 4092 c)1t
1002 4004 1119 4076 XVIII.
1135 4025 1173 4081 17·
