<?xml version="1.0" encoding="UTF-8"?>
<!DOCTYPE html PUBLIC "-//W3C//DTD XHTML 1.0 Transitional//EN"
    "http://www.w3.org/TR/xhtml1/DTD/xhtml1-transitional.dtd">
<html xmlns="http://www.w3.org/1999/xhtml" xml:lang="en" lang="en">
 <head>
  <title>
</title>
<meta http-equiv="Content-Type" content="text/html;charset=utf-8" />
  <meta name='ocr-system' content='tesseract 3.04.00' />
  <meta name='ocr-capabilities' content='ocr_page ocr_carea ocr_par ocr_line ocrx_word'/>
</head>
<body>
  <div class='ocr_page' id='page_1' title='image "./desublimiinevan01gerbgoog_0374.png"; bbox 0 0 2460 4560; ppageno 0'>
   <div class='ocr_carea' id='block_1_1' title="bbox 707 349 981 422">
    <p class='ocr_par' dir='ltr' id='par_1_1' title="bbox 707 349 981 422">
     <span class='ocr_line' id='line_1_1' title="bbox 707 349 981 422; baseline 0.026 -8"><span class='ocrx_word' id='word_1_1' title='bbox 707 371 800 406; x_wconf 21' lang='lat' dir='ltr'>s*</span> <span class='ocrx_word' id='word_1_2' title='bbox 910 349 981 422; x_wconf 79' lang='lat'>349</span> 
     </span>
    </p>
   </div>
   <div class='ocr_carea' id='block_1_2' title="bbox 68 466 1139 3967">
    <p class='ocr_par' dir='ltr' id='par_1_2' title="bbox 94 466 1139 916">
     <span class='ocr_line' id='line_1_2' title="bbox 94 466 1117 575; baseline -0.003 -22"><span class='ocrx_word' id='word_1_3' title='bbox 94 472 302 575; x_wconf 84' lang='lat' dir='ltr'>Evangelio</span> <span class='ocrx_word' id='word_1_4' title='bbox 325 471 477 562; x_wconf 83' lang='lat' dir='ltr'>Christi,</span> <span class='ocrx_word' id='word_1_5' title='bbox 505 473 714 548; x_wconf 89' lang='lat' dir='ltr'>sublimitate</span> <span class='ocrx_word' id='word_1_6' title='bbox 738 466 895 574; x_wconf 82' lang='lat' dir='ltr'>mysterii</span> <span class='ocrx_word' id='word_1_7' title='bbox 922 474 1117 550; x_wconf 58' lang='lat' dir='ltr'>ite-CM*</span> 
     </span>
     <span class='ocr_line' id='line_1_3' title="bbox 94 591 1117 691; baseline -0.009 -22"><span class='ocrx_word' id='word_1_8' title='bbox 94 621 181 669; x_wconf 82' lang='lat' dir='ltr'>rum</span> <span class='ocrx_word' id='word_1_9' title='bbox 220 597 381 665; x_wconf 87' lang='lat' dir='ltr'>elucente</span> <span class='ocrx_word' id='word_1_10' title='bbox 417 591 454 662; x_wconf 93' lang='lat' dir='ltr'>in</span> <span class='ocrx_word' id='word_1_11' title='bbox 490 592 685 665; x_wconf 89' lang='lat' dir='ltr'>humilitate</span> <span class='ocrx_word' id='word_1_12' title='bbox 722 592 900 682; x_wconf 83' lang='lat' dir='ltr'>Christi,&#39;</span> <span class='ocrx_word' id='word_1_13' title='bbox 919 597 982 691; x_wconf 93' lang='lat' dir='ltr'>qui</span> <span class='ocrx_word' id='word_1_14' title='bbox 1011 599 1117 660; x_wconf 80' lang='lat' dir='ltr'><strong>Xxvl.</strong></span> 
     </span>
     <span class='ocr_line' id='line_1_4' title="bbox 94 717 1139 800; baseline -0.003 -17"><span class='ocrx_word' id='word_1_15' title='bbox 94 741 154 784; x_wconf 82' lang='lat' dir='ltr'>mos</span> <span class='ocrx_word' id='word_1_16' title='bbox 182 721 309 782; x_wconf 80' lang='lat' dir='ltr'><em>redemit</em></span> <span class='ocrx_word' id='word_1_17' title='bbox 329 720 368 781; x_wconf 79' lang='lat' dir='ltr'>de</span> <span class='ocrx_word' id='word_1_18' title='bbox 388 718 550 780; x_wconf 79' lang='lat' dir='ltr'>maledicto</span> <span class='ocrx_word' id='word_1_19' title='bbox 579 719 669 797; x_wconf 80' lang='lat' dir='ltr'>Iegis,</span> <span class='ocrx_word' id='word_1_20' title='bbox 685 717 798 798; x_wconf 76' lang='lat' dir='ltr'>suctus</span> <span class='ocrx_word' id='word_1_21' title='bbox 814 739 876 800; x_wconf 85' lang='lat' dir='ltr'>pro</span> <span class='ocrx_word' id='word_1_22' title='bbox 899 721 1139 784; x_wconf 56' lang='lat' dir='ltr'>nobtsvv*</span> 
     </span>
     <span class='ocr_line' id='line_1_5' title="bbox 96 821 988 916; baseline 0 -14"><span class='ocrx_word' id='word_1_23' title='bbox 96 838 321 902; x_wconf 73' lang='lat' dir='ltr'>maledictum:</span> <span class='ocrx_word' id='word_1_24' title='bbox 355 821 536 898; x_wconf 69' lang='lat' dir='ltr'>humiliavit</span> <span class='ocrx_word' id='word_1_25' title='bbox 555 832 758 916; x_wconf 80' lang='lat' dir='ltr'>semetipsum</span> <span class='ocrx_word' id='word_1_26' title='bbox 777 836 894 915; x_wconf 85' lang='lat' dir='ltr'>factus</span> <span class='ocrx_word' id='word_1_27' title='bbox 919 839 988 902; x_wconf 85' lang='lat' dir='ltr'>obe·</span> 
     </span>
    </p>

    <p class='ocr_par' dir='ltr' id='par_1_3' title="bbox 94 938 986 1508">
     <span class='ocr_line' id='line_1_6' title="bbox 94 938 983 1040; baseline -0.001 -21"><span class='ocrx_word' id='word_1_28' title='bbox 94 956 186 1019; x_wconf 83' lang='lat' dir='ltr'>diens</span> <span class='ocrx_word' id='word_1_29' title='bbox 212 970 307 1035; x_wconf 84' lang='lat' dir='ltr'>usque</span> <span class='ocrx_word' id='word_1_30' title='bbox 334 952 379 1014; x_wconf 83' lang='lat' dir='ltr'>nd</span> <span class='ocrx_word' id='word_1_31' title='bbox 401 963 550 1026; x_wconf 88' lang='lat' dir='ltr'>mortem,</span> <span class='ocrx_word' id='word_1_32' title='bbox 586 964 715 1040; x_wconf 76' lang='lat' dir='ltr'>mortem</span> <span class='ocrx_word' id='word_1_33' title='bbox 741 965 846 1015; x_wconf 83' lang='lat' dir='ltr'>antem</span> <span class='ocrx_word' id='word_1_34' title='bbox 872 938 983 1020; x_wconf 80' lang='lat' dir='ltr'>trusit.</span> 
     </span>
     <span class='ocr_line' id='line_1_7' title="bbox 94 1046 986 1157; baseline 0.001 -23"><span class='ocrx_word' id='word_1_35' title='bbox 94 1061 212 1152; x_wconf 78' lang='lat' dir='ltr'>„lam</span> <span class='ocrx_word' id='word_1_36' title='bbox 237 1046 377 1146; x_wconf 89' lang='lat' dir='ltr'>autem,</span> <span class='ocrx_word' id='word_1_37' title='bbox 402 1060 485 1131; x_wconf 88' lang='lat' dir='ltr'>sunt</span> <span class='ocrx_word' id='word_1_38' title='bbox 510 1057 621 1130; x_wconf 87' lang='lat' dir='ltr'>verba</span> <span class='ocrx_word' id='word_1_39' title='bbox 646 1058 884 1157; x_wconf 84' lang='lat' dir='ltr'>Theophanis</span> <span class='ocrx_word' id='word_1_40' title='bbox 915 1061 986 1135; x_wconf 82' lang='lat' dir='ltr'>Ar·</span> 
     </span>
     <span class='ocr_line' id='line_1_8' title="bbox 96 1172 985 1276; baseline -0.001 -22"><span class='ocrx_word' id='word_1_41' title='bbox 96 1177 320 1276; x_wconf 76' lang='lat' dir='ltr'>chiepisco&#39;pi</span> <span class='ocrx_word' id='word_1_42' title='bbox 337 1175 636 1248; x_wconf 85' lang='lat' dir='ltr'>Tauromenitani</span> <span class='ocrx_word' id='word_1_43' title='bbox 654 1172 712 1267; x_wconf 85' lang='lat' dir='ltr'>a),</span> <span class='ocrx_word' id='word_1_44' title='bbox 730 1199 867 1250; x_wconf 88' lang='lat' dir='ltr'>aeneum</span> <span class='ocrx_word' id='word_1_45' title='bbox 884 1177 985 1254; x_wconf 84' lang='lat' dir='ltr'>iilum</span> 
     </span>
     <span class='ocr_line' id='line_1_9' title="bbox 95 1290 984 1393; baseline 0 -24"><span class='ocrx_word' id='word_1_46' title='bbox 95 1297 296 1393; x_wconf 75' lang='lat' dir='ltr'>serpentem</span> <span class='ocrx_word' id='word_1_47' title='bbox 332 1293 482 1388; x_wconf 86' lang='lat' dir='ltr'>figuram</span> <span class='ocrx_word' id='word_1_48' title='bbox 515 1290 648 1364; x_wconf 87' lang='lat' dir='ltr'>Christi</span> <span class='ocrx_word' id='word_1_49' title='bbox 681 1293 828 1388; x_wconf 87' lang='lat' dir='ltr'>gessisse</span> <span class='ocrx_word' id='word_1_50' title='bbox 862 1315 984 1392; x_wconf 81' lang='lat' dir='ltr'>aperte</span> 
     </span>
     <span class='ocr_line' id='line_1_10' title="bbox 95 1407 986 1508; baseline -0.004 -21"><span class='ocrx_word' id='word_1_51' title='bbox 95 1411 338 1508; x_wconf 76' lang='lat' dir='ltr'>Evangelium</span> <span class='ocrx_word' id='word_1_52' title='bbox 351 1407 529 1506; x_wconf 84' lang='lat' dir='ltr'>praedicat.</span> <span class='ocrx_word' id='word_1_53' title='bbox 558 1407 751 1482; x_wconf 89' lang='lat' dir='ltr'>Neminem</span> <span class='ocrx_word' id='word_1_54' title='bbox 763 1437 853 1484; x_wconf 87' lang='lat' dir='ltr'>vero</span> <span class='ocrx_word' id='word_1_55' title='bbox 867 1438 986 1485; x_wconf 87' lang='lat' dir='ltr'>aman·</span> 
     </span>
    </p>

    <p class='ocr_par' dir='ltr' id='par_1_4' title="bbox 96 1523 1080 1859">
     <span class='ocr_line' id='line_1_11' title="bbox 97 1523 1080 1629; baseline -0.001 -26"><span class='ocrx_word' id='word_1_56' title='bbox 97 1528 189 1604; x_wconf 86' lang='lat' dir='ltr'>tium</span> <span class='ocrx_word' id='word_1_57' title='bbox 212 1525 345 1600; x_wconf 85' lang='lat' dir='ltr'>Christi</span> <span class='ocrx_word' id='word_1_58' title='bbox 362 1523 552 1599; x_wconf 90' lang='lat' dir='ltr'>conturbet</span> <span class='ocrx_word' id='word_1_59' title='bbox 570 1525 660 1613; x_wconf 87' lang='lat' dir='ltr'>hoc,</span> <span class='ocrx_word' id='word_1_60' title='bbox 684 1529 784 1623; x_wconf 94' lang='lat' dir='ltr'>quod</span> <span class='ocrx_word' id='word_1_61' title='bbox 803 1529 920 1616; x_wconf 88' lang='lat' dir='ltr'>audit,</span> <span class='ocrx_word' id='word_1_62' title='bbox 945 1529 983 1602; x_wconf 89' lang='lat' dir='ltr'>in</span> <span class='ocrx_word' id='word_1_63' title='bbox 1056 1603 1080 1629; x_wconf 37' lang='grc' dir='ltr'>,ο</span> 
     </span>
     <span class='ocr_line' id='line_1_12' title="bbox 96 1640 981 1741; baseline -0.003 -20"><span class='ocrx_word' id='word_1_64' title='bbox 96 1665 172 1721; x_wconf 86' lang='lat' dir='ltr'>tarn</span> <span class='ocrx_word' id='word_1_65' title='bbox 194 1644 347 1718; x_wconf 88' lang='lat' dir='ltr'>invisum</span> <span class='ocrx_word' id='word_1_66' title='bbox 368 1642 496 1716; x_wconf 88' lang='lat' dir='ltr'>animal</span> <span class='ocrx_word' id='word_1_67' title='bbox 519 1640 693 1715; x_wconf 87' lang='lat' dir='ltr'>rationem</span> <span class='ocrx_word' id='word_1_68' title='bbox 716 1645 803 1715; x_wconf 85' lang='lat' dir='ltr'>tanti</span> <span class='ocrx_word' id='word_1_69' title='bbox 824 1647 981 1741; x_wconf 84' lang='lat' dir='ltr'>mysterii</span> 
     </span>
     <span class='ocr_line' id='line_1_13' title="bbox 100 1759 981 1859; baseline -0.003 -22"><span class='ocrx_word' id='word_1_70' title='bbox 100 1761 307 1837; x_wconf 87' lang='lat' dir='ltr'>convenire.</span> <span class='ocrx_word' id='word_1_71' title='bbox 374 1761 408 1833; x_wconf 91' lang='lat' dir='ltr'>Si</span> <span class='ocrx_word' id='word_1_72' title='bbox 437 1759 531 1833; x_wconf 88' lang='lat' dir='ltr'>enim</span> <span class='ocrx_word' id='word_1_73' title='bbox 554 1760 698 1856; x_wconf 82' lang='lat' dir='ltr'>serpens·</span> <span class='ocrx_word' id='word_1_74' title='bbox 719 1780 821 1856; x_wconf 88' lang='lat' dir='ltr'>pater</span> <span class='ocrx_word' id='word_1_75' title='bbox 843 1762 981 1859; x_wconf 85' lang='lat' dir='ltr'>peccati</span> 
     </span>
    </p>

    <p class='ocr_par' dir='ltr' id='par_1_5' title="bbox 98 1878 982 1975">
     <span class='ocr_line' id='line_1_14' title="bbox 98 1878 982 1975; baseline 0.001 -22"><span class='ocrx_word' id='word_1_76' title='bbox 98 1880 141 1953; x_wconf 84' lang='lat' dir='ltr'>in</span> <span class='ocrx_word' id='word_1_77' title='bbox 163 1880 265 1953; x_wconf 89' lang='lat' dir='ltr'>sacris</span> <span class='ocrx_word' id='word_1_78' title='bbox 288 1879 410 1951; x_wconf 90' lang='lat' dir='ltr'>litteris</span> <span class='ocrx_word' id='word_1_79' title='bbox 434 1880 650 1975; x_wconf 86' lang='lat' dir='ltr'>appellatur,</span> <span class='ocrx_word' id='word_1_80' title='bbox 677 1878 778 1973; x_wconf 91' lang='lat' dir='ltr'>quod</span> <span class='ocrx_word' id='word_1_81' title='bbox 800 1880 906 1954; x_wconf 87' lang='lat' dir='ltr'>etiam</span> <span class='ocrx_word' id='word_1_82' title='bbox 927 1900 982 1954; x_wconf 85' lang='lat' dir='ltr'>est</span> 
     </span>
    </p>

    <p class='ocr_par' dir='ltr' id='par_1_6' title="bbox 97 1997 983 2562">
     <span class='ocr_line' id='line_1_15' title="bbox 100 1997 981 2092; baseline -0.005 -20"><span class='ocrx_word' id='word_1_83' title='bbox 100 2023 148 2072; x_wconf 84' lang='lat' dir='ltr'>ex</span> <span class='ocrx_word' id='word_1_84' title='bbox 169 1998 240 2070; x_wconf 90' lang='lat' dir='ltr'>hoc</span> <span class='ocrx_word' id='word_1_85' title='bbox 262 1998 424 2092; x_wconf 87' lang='lat' dir='ltr'>serpente</span> <span class='ocrx_word' id='word_1_86' title='bbox 443 1997 691 2090; x_wconf 84' lang='lat' dir='ltr'>progenitum,</span> <span class='ocrx_word' id='word_1_87' title='bbox 717 2017 904 2092; x_wconf 89' lang='lat' dir='ltr'>peccatum</span> <span class='ocrx_word' id='word_1_88' title='bbox 929 1999 981 2069; x_wconf 90' lang='lat' dir='ltr'>in·</span> 
     </span>
     <span class='ocr_line' id='line_1_16' title="bbox 97 2110 982 2215; baseline 0.002 -27"><span class='ocrx_word' id='word_1_89' title='bbox 97 2140 228 2215; x_wconf 85' lang='lat' dir='ltr'>quam,</span> <span class='ocrx_word' id='word_1_90' title='bbox 264 2113 392 2187; x_wconf 88' lang='lat' dir='ltr'>eodem</span> <span class='ocrx_word' id='word_1_91' title='bbox 424 2137 465 2185; x_wconf 91' lang='lat' dir='ltr'>ac</span> <span class='ocrx_word' id='word_1_92' title='bbox 500 2110 641 2208; x_wconf 87' lang='lat' dir='ltr'>genitor</span> <span class='ocrx_word' id='word_1_93' title='bbox 667 2113 813 2187; x_wconf 90' lang='lat' dir='ltr'>nomine</span> <span class='ocrx_word' id='word_1_94' title='bbox 837 2117 982 2212; x_wconf 78' lang='lat' dir='ltr'>serpens</span> 
     </span>
     <span class='ocr_line' id='line_1_17' title="bbox 100 2229 982 2332; baseline 0 -25"><span class='ocrx_word' id='word_1_95' title='bbox 100 2230 301 2332; x_wconf 85' lang='lat' dir='ltr'>vocabitur.</span> <span class='ocrx_word' id='word_1_96' title='bbox 331 2231 507 2305; x_wconf 84' lang='lat' dir='ltr'>Caeterum</span> <span class='ocrx_word' id='word_1_97' title='bbox 526 2229 637 2303; x_wconf 92' lang='lat' dir='ltr'>nostri</span> <span class='ocrx_word' id='word_1_98' title='bbox 654 2255 758 2304; x_wconf 89' lang='lat' dir='ltr'>causa</span> <span class='ocrx_word' id='word_1_99' title='bbox 779 2230 982 2307; x_wconf 87' lang='lat' dir='ltr'>Dominum</span> 
     </span>
     <span class='ocr_line' id='line_1_18' title="bbox 98 2349 983 2445; baseline -0.003 -22"><span class='ocrx_word' id='word_1_100' title='bbox 98 2349 232 2424; x_wconf 83' lang='lat' dir='ltr'>sactum</span> <span class='ocrx_word' id='word_1_101' title='bbox 265 2373 340 2420; x_wconf 88' lang='lat' dir='ltr'>esse</span> <span class='ocrx_word' id='word_1_102' title='bbox 371 2366 577 2445; x_wconf 82' lang='lat' dir='ltr'>peccatum,</span> <span class='ocrx_word' id='word_1_103' title='bbox 614 2371 695 2420; x_wconf 90' lang='lat' dir='ltr'>curn</span> <span class='ocrx_word' id='word_1_104' title='bbox 725 2369 886 2423; x_wconf 88' lang='lat' dir='ltr'>naturam</span> <span class='ocrx_word' id='word_1_105' title='bbox 918 2375 983 2421; x_wconf 87' lang='lat' dir='ltr'>no·</span> 
     </span>
     <span class='ocr_line' id='line_1_19' title="bbox 99 2463 983 2562; baseline -0.005 -20"><span class='ocrx_word' id='word_1_106' title='bbox 99 2487 210 2555; x_wconf 83' lang='lat' dir='ltr'>stram</span> <span class='ocrx_word' id='word_1_107' title='bbox 236 2464 430 2538; x_wconf 82' lang='lat' dir='ltr'>obnoxiam</span> <span class='ocrx_word' id='word_1_108' title='bbox 455 2463 609 2562; x_wconf 87' lang='lat' dir='ltr'>peccatis</span> <span class='ocrx_word' id='word_1_109' title='bbox 635 2465 853 2554; x_wconf 81' lang='lat' dir='ltr'>assumserit,</span> <span class='ocrx_word' id='word_1_110' title='bbox 881 2485 983 2539; x_wconf 88' lang='lat' dir='ltr'>testa·</span> 
     </span>
    </p>

    <p class='ocr_par' dir='ltr' id='par_1_7' title="bbox 99 2585 982 2680">
     <span class='ocr_line' id='line_1_20' title="bbox 99 2585 982 2680; baseline -0.005 -22"><span class='ocrx_word' id='word_1_111' title='bbox 99 2603 161 2658; x_wconf 82' lang='lat' dir='ltr'>tur</span> <span class='ocrx_word' id='word_1_112' title='bbox 174 2585 380 2680; x_wconf 78' lang='lat' dir='ltr'>apostolus:</span> <span class='ocrx_word' id='word_1_113' title='bbox 408 2611 490 2669; x_wconf 85' lang='lat' dir='ltr'>enm,</span> <span class='ocrx_word' id='word_1_114' title='bbox 513 2595 567 2674; x_wconf 78' lang='lat' dir='ltr'>qui</span> <span class='ocrx_word' id='word_1_115' title='bbox 588 2610 648 2654; x_wconf 82' lang='lat' dir='ltr'>non</span> <span class='ocrx_word' id='word_1_116' title='bbox 664 2605 794 2655; x_wconf 84' lang='lat' dir='ltr'>uouerat</span> <span class='ocrx_word' id='word_1_117' title='bbox 807 2607 982 2674; x_wconf 84' lang='lat' dir='ltr'>peccatum,</span> 
     </span>
    </p>

    <p class='ocr_par' dir='ltr' id='par_1_8' title="bbox 93 2687 995 2911">
     <span class='ocr_line' id='line_1_21' title="bbox 93 2687 995 2795; baseline 0.002 -24"><span class='ocrx_word' id='word_1_118' title='bbox 93 2696 161 2794; x_wconf 78' lang='lat' dir='ltr'>pro</span> <span class='ocrx_word' id='word_1_119' title='bbox 184 2710 267 2771; x_wconf 83' lang='lat' dir='ltr'>robis</span> <span class='ocrx_word' id='word_1_120' title='bbox 284 2720 447 2790; x_wconf 84' lang='lat' dir='ltr'>peccatum</span> <span class='ocrx_word' id='word_1_121' title='bbox 463 2707 554 2787; x_wconf 81' lang='lat' dir='ltr'>fecit.</span> <span class='ocrx_word' id='word_1_122' title='bbox 606 2696 763 2795; x_wconf 85' lang='lat' dir='ltr'>Aptatur</span> <span class='ocrx_word' id='word_1_123' title='bbox 784 2687 890 2794; x_wconf 84' lang='lat' dir='ltr'>igitur</span> <span class='ocrx_word' id='word_1_124' title='bbox 913 2688 995 2773; x_wconf 65' lang='lat' dir='ltr'>hoc,</span> 
     </span>
     <span class='ocr_line' id='line_1_22' title="bbox 102 2814 985 2911; baseline 0.003 -23"><span class='ocrx_word' id='word_1_125' title='bbox 102 2815 253 2911; x_wconf 83' lang='lat' dir='ltr'>aenigma</span> <span class='ocrx_word' id='word_1_126' title='bbox 283 2814 448 2886; x_wconf 91' lang='lat' dir='ltr'>Domino</span> <span class='ocrx_word' id='word_1_127' title='bbox 480 2835 729 2910; x_wconf 85' lang='lat' dir='ltr'>congruenter.</span> <span class='ocrx_word' id='word_1_128' title='bbox 789 2814 985 2911; x_wconf 89' lang='lat' dir='ltr'>Postquam</span> 
     </span>
    </p>

    <p class='ocr_par' dir='ltr' id='par_1_9' title="bbox 102 2929 987 3146">
     <span class='ocr_line' id='line_1_23' title="bbox 104 2929 986 3028; baseline 0 -23"><span class='ocrx_word' id='word_1_129' title='bbox 104 2933 201 3005; x_wconf 90' lang='lat' dir='ltr'>enim</span> <span class='ocrx_word' id='word_1_130' title='bbox 222 2931 427 3028; x_wconf 90' lang='lat' dir='ltr'>nequissimi</span> <span class='ocrx_word' id='word_1_131' title='bbox 448 2929 499 3004; x_wconf 90' lang='lat' dir='ltr'>illi</span> <span class='ocrx_word' id='word_1_132' title='bbox 520 2933 699 3027; x_wconf 85' lang='lat' dir='ltr'>serpentes</span> <span class='ocrx_word' id='word_1_133' title='bbox 720 2932 758 3004; x_wconf 91' lang='lat' dir='ltr'>in</span> <span class='ocrx_word' id='word_1_134' title='bbox 780 2932 986 3006; x_wconf 88' lang='lat' dir='ltr'>universum</span> 
     </span>
     <span class='ocr_line' id='line_1_24' title="bbox 102 3049 987 3146; baseline 0.001 -23"><span class='ocrx_word' id='word_1_135' title='bbox 102 3059 218 3146; x_wconf 86' lang='lat' dir='ltr'>genus</span> <span class='ocrx_word' id='word_1_136' title='bbox 253 3050 447 3122; x_wconf 91' lang='lat' dir='ltr'>humanum</span> <span class='ocrx_word' id='word_1_137' title='bbox 477 3049 692 3137; x_wconf 88' lang='lat' dir='ltr'>insilientes,</span> <span class='ocrx_word' id='word_1_138' title='bbox 731 3068 891 3122; x_wconf 85' lang='lat' dir='ltr'>naturam</span> <span class='ocrx_word' id='word_1_139' title='bbox 923 3076 987 3124; x_wconf 92' lang='lat' dir='ltr'>no·</span> 
     </span>
    </p>

    <p class='ocr_par' dir='ltr' id='par_1_10' title="bbox 68 3160 1109 3967">
     <span class='ocr_line' id='line_1_25' title="bbox 68 3160 985 3263; baseline -0.001 -22"><span class='ocrx_word' id='word_1_140' title='bbox 68 3229 71 3233; x_wconf 59' lang='grc'>,</span> <span class='ocrx_word' id='word_1_141' title='bbox 102 3186 214 3241; x_wconf 83' lang='lat' dir='ltr'>stram</span> <span class='ocrx_word' id='word_1_142' title='bbox 257 3160 486 3263; x_wconf 86' lang='lat' dir='ltr'>peccatorum</span> <span class='ocrx_word' id='word_1_143' title='bbox 533 3166 711 3240; x_wconf 84' lang='lat' dir='ltr'>morsibus</span> <span class='ocrx_word' id='word_1_144' title='bbox 747 3167 985 3240; x_wconf 81' lang='lat' dir='ltr'>dilacerando</span> 
     </span>
     <span class='ocr_line' id='line_1_26' title="bbox 104 3281 986 3371; baseline -0.002 -13"><span class='ocrx_word' id='word_1_145' title='bbox 104 3285 355 3371; x_wconf 82' lang='lat' dir='ltr'>confecerunt,</span> <span class='ocrx_word' id='word_1_146' title='bbox 384 3281 492 3355; x_wconf 89' lang='lat' dir='ltr'>eade</span> <span class='ocrx_word' id='word_1_147' title='bbox 515 3306 619 3353; x_wconf 88' lang='lat' dir='ltr'>causa</span> <span class='ocrx_word' id='word_1_148' title='bbox 640 3281 899 3355; x_wconf 81' lang='lat' dir='ltr'>fimiritudinem</span> <span class='ocrx_word' id='word_1_149' title='bbox 921 3286 986 3356; x_wconf 87' lang='lat' dir='ltr'>ser·</span> 
     </span>
     <span class='ocr_line' id='line_1_27' title="bbox 103 3388 988 3501; baseline -0.001 -28"><span class='ocrx_word' id='word_1_150' title='bbox 103 3399 221 3501; x_wconf 90' lang='lat' dir='ltr'>pentis</span> <span class='ocrx_word' id='word_1_151' title='bbox 248 3388 365 3471; x_wconf 88' lang='lat' dir='ltr'>induit</span> <span class='ocrx_word' id='word_1_152' title='bbox 392 3397 525 3484; x_wconf 87' lang='lat' dir='ltr'>Deus,</span> <span class='ocrx_word' id='word_1_153' title='bbox 563 3398 674 3470; x_wconf 87' lang='lat' dir='ltr'>sactus</span> <span class='ocrx_word' id='word_1_154' title='bbox 700 3411 734 3470; x_wconf 85' lang='lat' dir='ltr'>in</span> <span class='ocrx_word' id='word_1_155' title='bbox 752 3404 988 3484; x_wconf 82' lang='lat' dir='ltr'>fimititudinem</span> 
     </span>
     <span class='ocr_line' id='line_1_28' title="bbox 107 3511 988 3611; baseline 0 -21"><span class='ocrx_word' id='word_1_156' title='bbox 107 3529 210 3591; x_wconf 85' lang='lat' dir='ltr'>carnis</span> <span class='ocrx_word' id='word_1_157' title='bbox 230 3529 376 3609; x_wconf 82' lang='lat' dir='ltr'>peccati,</span> <span class='ocrx_word' id='word_1_158' title='bbox 410 3535 451 3590; x_wconf 89' lang='lat' dir='ltr'>ut</span> <span class='ocrx_word' id='word_1_159' title='bbox 477 3515 607 3587; x_wconf 84' lang='lat' dir='ltr'>Paulus</span> <span class='ocrx_word' id='word_1_160' title='bbox 637 3515 684 3588; x_wconf 91' lang='lat' dir='ltr'>ait</span> <span class='ocrx_word' id='word_1_161' title='bbox 709 3511 770 3605; x_wconf 85' lang='lat' dir='ltr'>h):</span> <span class='ocrx_word' id='word_1_162' title='bbox 807 3535 913 3611; x_wconf 89' lang='lat' dir='ltr'>atque</span> <span class='ocrx_word' id='word_1_163' title='bbox 938 3517 988 3590; x_wconf 86' lang='lat' dir='ltr'>ita</span> 
     </span>
     <span class='ocr_line' id='line_1_29' title="bbox 104 3633 1109 3730; baseline 0 -22"><span class='ocrx_word' id='word_1_164' title='bbox 104 3633 277 3709; x_wconf 89' lang='lat' dir='ltr'>liberatur</span> <span class='ocrx_word' id='word_1_165' title='bbox 310 3633 423 3707; x_wconf 90' lang='lat' dir='ltr'>homo</span> <span class='ocrx_word' id='word_1_166' title='bbox 458 3660 480 3706; x_wconf 88' lang='lat' dir='ltr'>a</span> <span class='ocrx_word' id='word_1_167' title='bbox 513 3651 661 3730; x_wconf 90' lang='lat' dir='ltr'>peccato</span> <span class='ocrx_word' id='word_1_168' title='bbox 692 3657 756 3730; x_wconf 89' lang='lat' dir='ltr'>per</span> <span class='ocrx_word' id='word_1_169' title='bbox 784 3658 890 3721; x_wconf 89' lang='lat' dir='ltr'>euru,</span> <span class='ocrx_word' id='word_1_170' title='bbox 926 3635 998 3730; x_wconf 65' lang='lat' dir='ltr'>qui⁴</span> <span class='ocrx_word' id='word_1_171' title='bbox 1104 3701 1109 3718; x_wconf 75' lang='grc'><em>,</em></span> 
     </span>
     <span class='ocr_line' id='line_1_30' title="bbox 106 3747 987 3850; baseline 0.002 -27"><span class='ocrx_word' id='word_1_172' title='bbox 106 3752 246 3850; x_wconf 87' lang='lat' dir='ltr'>peccati</span> <span class='ocrx_word' id='word_1_173' title='bbox 274 3751 434 3824; x_wconf 89' lang='lat' dir='ltr'>habitum</span> <span class='ocrx_word' id='word_1_174' title='bbox 460 3749 634 3846; x_wconf 81' lang='lat' dir='ltr'>suscepit,</span> <span class='ocrx_word' id='word_1_175' title='bbox 662 3747 850 3844; x_wconf 87' lang='lat' dir='ltr'>fimilisque</span> <span class='ocrx_word' id='word_1_176' title='bbox 875 3751 987 3825; x_wconf 83' lang='lat' dir='ltr'>sactus</span> 
     </span>
     <span class='ocr_line' id='line_1_31' title="bbox 109 3866 989 3967; baseline -0.003 -23"><span class='ocrx_word' id='word_1_177' title='bbox 109 3888 165 3944; x_wconf 83' lang='lat' dir='ltr'>est</span> <span class='ocrx_word' id='word_1_178' title='bbox 185 3868 307 3957; x_wconf 92' lang='lat' dir='ltr'>nobis,</span> <span class='ocrx_word' id='word_1_179' title='bbox 332 3869 416 3966; x_wconf 90' lang='lat' dir='ltr'>quia</span> <span class='ocrx_word' id='word_1_180' title='bbox 432 3869 481 3941; x_wconf 84' lang='lat' dir='ltr'>nd</span> <span class='ocrx_word' id='word_1_181' title='bbox 505 3869 704 3967; x_wconf 88' lang='lat' dir='ltr'>serpentem</span> <span class='ocrx_word' id='word_1_182' title='bbox 724 3866 853 3963; x_wconf 90' lang='lat' dir='ltr'>sponte</span> <span class='ocrx_word' id='word_1_183' title='bbox 876 3894 989 3942; x_wconf 84' lang='lat' dir='ltr'>acces·</span> 
     </span>
    </p>
   </div>
   <div class='ocr_carea' id='block_1_3' title="bbox 152 4015 1087 4103">
    <p class='ocr_par' dir='ltr' id='par_1_11' title="bbox 152 4015 1087 4103">
     <span class='ocr_line' id='line_1_32' title="bbox 152 4015 1087 4103; baseline 0.016 -27"><span class='ocrx_word' id='word_1_184' title='bbox 152 4016 432 4099; x_wconf 71' lang='lat' dir='ltr'>·)Homtt111.r.</span> <span class='ocrx_word' id='word_1_185' title='bbox 458 4032 501 4087; x_wconf 77' lang='lat' dir='ltr'>rr·</span> <span class='ocrx_word' id='word_1_186' title='bbox 591 4019 622 4100; x_wconf 71' lang='lat' dir='ltr'>i)</span> <span class='ocrx_word' id='word_1_187' title='bbox 642 4018 717 4083; x_wconf 76' lang='lat' dir='ltr'>Rom.</span> <span class='ocrx_word' id='word_1_188' title='bbox 750 4015 834 4084; x_wconf 75' lang='lat' dir='ltr'>Vm·</span> <span class='ocrx_word' id='word_1_189' title='bbox 856 4029 884 4087; x_wconf 77' lang='lat'>³·</span> <span class='ocrx_word' id='word_1_190' title='bbox 1080 4066 1087 4103; x_wconf 54' lang='lat' dir='ltr'><em>s</em></span> 
     </span>
    </p>
   </div>
   <div class='ocr_carea' id='block_1_4' title="bbox 0 0 1237 4560">
    <p class='ocr_par' dir='ltr' id='par_1_12' title="bbox 0 0 1237 4560">
     <span class='ocr_line' id='line_1_33' title="bbox 0 0 1237 4560; baseline 0 0"><span class='ocrx_word' id='word_1_191' title='bbox 0 0 1237 4560; x_wconf 95' lang='lat' dir='ltr'> </span> 
     </span>
    </p>
   </div>
  </div>
 </body>
</html>
