2460 4560
162 369 168 378 κ
257 334 329 420 332
571 309 804 383 ·-..-.-······.,

112 478 228 542 cuv?
251 479 432 557 vinitatem
455 474 588 549 Christi
615 475 862 554 demonstrate
902 482 969 569 Qui
990 503 1057 547 cum
1070 468 1123 564 stt,

117 599 211 654 ΧΧΠ·
254 595 317 684 ait,
339 605 484 687 splendor
507 603 630 680 gloria,
664 613 695 663 et
713 599 821 685 figura
833 598 1025 686 substantia
1049 606 1125 680 eius,

99 709 242 774 ”W
246 734 435 814 portansque
460 722 566 787 omnia
594 700 688 780 verbu
710 721 843 787 uirtutis
855 716 950 802 suc,
972 723 1126 801 purgatio·

251 859 316 910 nem
328 850 527 919 peccatorum
538 837 678 918 satiens,
689 833 782 921 sedet
798 835 843 896 ad
859 836 1026 904 dexteram
1043 840 1124 898 maie·

250 956 347 1026 statii
368 957 402 1017 in
424 955 570 1021 excelsis:
598 963 687 1014 tanto
712 952 819 1016 melior
841 953 961 1030 angelis
986 952 1123 1030 effectus,

252 1071 369 1154 quantu
396 1069 587 1149 differentius
607 1086 671 1158 pra
696 1051 758 1137 illis
783 1087 893 1160 nomen
923 1070 1120 1134 hereditavit.

255 1190 310 1248 Cui
347 1192 425 1252 enim
461 1190 546 1250 dixit
580 1187 747 1269 aliquando
783 1185 990 1261 augelorum.-
1026 1189 1120 1269 ,Filius

250 1325 335 1375 incus
364 1323 395 1375 es
422 1317 480 1382 tu,
507 1323 561 1380 ego
587 1298 790 1378 liodt‘cgenui
816 1302 875 1364 te'?
914 1303 958 1365 Et
975 1285 1119 1367 'rursusne

251 1399 316 1496 ilgo
331 1440 381 1483 ero
396 1421 442 1488 illi
460 1423 648 1500 inpetrem,
667 1422 780 1499 etipse
797 1421 857 1480 erit
873 1419 955 1480 milii
973 1424 1008 1482 in
1020 1420 1120 1498 filium,

138 1597 139 1602 ,
250 1536 293 1597 Et
313 1555 380 1597 cum
401 1539 511 1598 iterum
530 1536 702 1599 introducit
715 1537 959 1624 primogenitum
984 1541 1019 1600 in
1037 1538 1121 1599 orbem

250 1665 335 1716 terra
360 1653 458 1719 dicit:
492 1653 534 1716 Et
558 1654 688 1721 adorent
713 1640 781 1714 euni
806 1670 909 1713 omnes
936 1656 1040 1730 angeli
1061 1653 1117 1715 Dei.

234 1770 294 1831 ,Et
319 1771 364 1838 ud
386 1762 511 1848 angelos
527 1771 649 1853 quidem
676 1769 773 1837 dicit:
815 1747 876 1852 Qui
893 1768 989 1847 facit
1013 1771 1117 1847 arnelas

195 1905 198 1908 ·
240 1886 320 1966 suos
333 1885 491 1974 spiritus,
526 1899 557 1948 et
585 1889 740 1954 ministros
757 1883 837 1963 suus
852 1890 1023 1962 flammam
1043 1890 1120 1964 ignis.

250 2005 304 2067 Ad
313 2003 426 2072 Filium
446 2009 567 2070 autem:
596 2001 733 2063 Thronus
750 2014 823 2064 tuus
840 2000 927 2064 Deus
946 2004 1123 2083 institutum

253 2119 375 2188 facul:
411 2123 505 2195 uirga
535 2120 716 2200 equitatis,
751 2121 844 2193 virga
876 2123 962 2194 regni
996 2125 1046 2186 tui
1073 2132 1121 2183 etc.

251 2226 284 2303 S.
308 2225 527 2320 Augustinus
553 2224 590 2295 in
619 2227 715 2297 hunc
741 2225 981 2321 Evangelistae
1009 2232 1121 2300 locum

249 2345 447 2415 luculenter
470 2358 595 2438 typum
621 2368 701 2414 cum
725 2343 871 2417 veritate
893 2342 931 2412 in
958 2343 1121 2431 Christ0,

248 2459 312 2555 qui
346 2460 515 2554 figuratus
545 2459 611 2530 luit
643 2459 680 2528 in
711 2457 831 2554 posito
862 2458 899 2540 in
936 2459 1078 2533 titulum
1105 2486 1122 2532 a

250 2576 386 2649 Jacobo
409 2571 525 2672 lapide
547 2576 719 2649 fundente
745 2577 848 2669 super
874 2601 957 2650 eum
981 2581 1120 2662 oleum,

249 2693 414 2766 conciliat
439 2688 502 2781 u):
548 2691 696 2778 „Scalas
727 2691 820 2774 vidit
846 2691 985 2786 Jacob,
1024 2714 1060 2764 et
1089 2692 1120 2762 in

246 2809 329 2907 ipsis
348 2807 445 2880 scalis
466 2807 554 2882 vidit
575 2811 721 2902 angelos
742 2809 974 2890 ascendentes
997 2830 1034 2882 et
1055 2811 1120 2880 des·

249 2925 441 3008 cendentes
470 2943 504 2996 et
526 2924 702 3024 lapidem,
736 2922 929 3021 quemlibi
957 2943 1121 3023 posuerat

248 3044 292 3118 ad
318 3062 443 3136 caput,
460 3041 582 3132 unxit,
647 3040 828 3127 Audistis,
857 3037 940 3140 quia
959 3026 1122 3120 ⁴Messias

243 3157 409 3255 Christus
443 3174 524 3226 est.
550 3210 560 3226 .
589 3213 596 3227 .
643 3156 744 3251 Quid
775 3177 889 3238 autem
917 3156 1010 3239 vidit
1042 3179 1121 3231 tunc

244 3274 282 3346 in
307 3271 436 3346 scalis?
463 3259 694 3354 ascendentes
723 3294 758 3349 et
783 3273 1042 3357 descendentes
1068 3301 1122 3352 aa·

243 3394 355 3486 gelos.
401 3388 456 3469 Sic
476 3409 529 3460 est
551 3392 595 3462 de
615 3377 791 3477 Ecclesia,
817 3391 949 3470 fratres.
987 3390 1121 3487 Angeli

171 3492 173 3497 ¹
243 3505 319 3578 Dei
343 3507 432 3590 boni
458 3508 730 3607 praedicatores,
758 3507 988 3602 praedicantes
1021 3507 1121 3580 Chri·

242 3613 358 3711 stum,
386 3626 456 3700 hoc
485 3643 537 3697 est
562 3627 665 3720 super
688 3623 797 3704 filium
822 3622 977 3701 hominis
1001 3651 1121 3697 ascen·

241 3739 333 3811 du'nt
366 3762 401 3840 et
422 3742 665 3823 descendunt.
687 3744 708 3781 ‘⁶
782 3739 814 3822 S,
852 3739 1120 3836 Augustinum,

187 3886 189 3890 ’
243 3854 336 3928 Ven.
354 3850 468 3944 Beda,
490 3857 595 3935 etalii
615 3859 806 3952 lequuntur
826 3855 862 3926 in
881 3857 1119 3953 explicatione

286 4006 316 4081 u)
343 4006 420 4065 Tom.-
440 4007 505 4069 Vll·
530 4011 557 4062 in
579 4008 624 4074 h.
650 4023 692 4067 22.
741 4007 810 4061 Tim.
838 4007 904 4069 Vll·
926 4022 951 4079 p·
976 4021 1039 4077 352.
