2460 4560
504 398 734 412 m

1050 364 1129 446 '135

100 503 294 606 quemdam
318 507 518 604 pranderet.
582 518 751 584 Pharisaens
776 532 898 598 aretem,
927 510 1032 601 (cum
1058 509 1129 580 iam

103 625 382 714 recubuissent)
420 639 511 715 coepit
533 639 620 698 intra
648 657 680 700 se
701 653 848 719 reputans
875 642 996 713 dicere,
1035 652 1131 717 qnare

102 771 156 814 non
181 754 372 832 baptizatus
401 763 478 814 essct
505 765 577 815 ante
600 756 779 835 prandium.
840 755 881 816 Er
907 759 956 816 ait
982 753 1132 814 Dominus

100 871 140 930 od
159 871 277 930 idum:
310 870 396 930 Nunc
421 888 480 931 uos
506 873 676 947 Plrorisaer',
704 872 788 953 qood
812 872 926 952 deforis
954 882 1000 933 est
1029 849 1157 930 totins

99 999 128 1049 et
156 989 283 1064 catini,
319 988 501 1050 mundatis.-
536 990 622 1071 quod
650 1002 756 1050 autem
778 992 858 1051 intus
897 1000 942 1051 est
973 1000 1132 1061 vestrum,

97 1105 224 1184 plenum
256 1117 304 1167 est
328 1109 460 1187 rapina,
491 1108 729 1187 otiniqrn'rote:
769 1115 879 1192 prout
901 1095 1007 1167 etiam
1034 1091 1133 1189 apud

99 1208 326 1284 Matthaeum
352 1211 391 1301 o)
420 1206 510 1284 inter
536 1211 602 1284 alia
626 1216 809 1309 complura
840 1226 885 1285 Va
910 1214 997 1284 illud
1018 1215 1131 1283 multo

100 1329 308 1424 expressius
333 1331 515 1415 habetur,
551 1331 651 1424 quod
680 1355 725 1401 ex
751 1331 849 1404 Luca
878 1323 1059 1402 retulimus
1087 1327 1133 1398 de

101 1447 349 1519 monumentis
374 1449 435 1521 feu
455 1447 647 1543 sepulchris
672 1449 882 1548 cadaverum
907 1444 1131 1531 conditoriis,

102 1587 124 1633 a
149 1565 285 1660 quibus
300 1610 321 1651 ,-
345 1592 389 1639 ne
417 1565 591 1635 immundi
621 1565 767 1651 fierent,
796 1586 979 1661 tantopere
1006 1563 1133 1634 abhor-

100 1681 253 1768 rebant,
292 1708 359 1753 nec
392 1682 536 1776 quidem
567 1685 716 1777 propius
749 1683 793 1752 ad
821 1684 1006 1777 sepulchra
1036 1705 1133 1750 acce-

104 1799 252 1884 dentes,
280 1817 319 1870 ut
341 1824 386 1871 ex
411 1825 534 1883 eorum
554 1798 781 1900 scriptoribus
804 1787 919 1894 palam
942 1799 1001 1881 fit,
1024 1820 1132 1890 quare
1187 1892 1190 1896 ⁴

106 1941 149 1986 ea
180 1918 279 1988 calce
305 1940 451 2010 quoque
483 1915 707 1987 dealbabant.
770 1914 822 1986 Ut
852 1916 1014 2009 adeoque
1046 1910 1133 1982 nihil

105 2033 250 2127 gravius
275 2033 321 2103 ad
350 2059 411 2104 eos
437 2033 758 2128 constringendos,
786 2031 1137 2124 confundendosque

106 2148 303 2249 excogitari
329 2168 490 2244 poterat,
527 2176 632 2245 quam
661 2150 689 2221 si
720 2149 858 2222 ossibus
885 2169 1131 2235 mortuorum,

106 2284 141 2337 et
161 2265 263 2338 omni
283 2266 456 2362 spurcitiae
480 2269 692 2340 cadaverum
717 2272 1026 2365 compararentur,
1051 2291 1132 2362 pro-

96 2402 147 2454 ¹ut
166 2383 281 2479 ¹apud
316 2366 532 2456 Mattiaeum
567 2385 714 2480 legitur:
766 2399 812 2457 11ae
843 2396 931 2456 vobis
962 2394 1067 2455 Scribo
1102 2404 1133 2454 et

103 2509 257 2580 Pdnrisaei
275 2509 457 2590 hypocrita:
482 2513 557 2592 qnia
568 2508 684 2586 firniles
700 2516 772 2573 estis
778 2511 952 2592 fipnlcnris
973 2511 1133 2585 dealbatis,

103 2643 171 2709 qua
184 2625 286 2705 aforis
290 2638 406 2708 parent
421 2626 592 2689 hominibus
600 2627 764 2708 speciosa,
783 2633 866 2689 intus
876 2646 950 2689 vero
959 2625 1134 2707 plenofunr

102 2744 226 2804 ossibus
243 2755 453 2820 mortuorum,
481 2757 512 2805 ct
529 2747 611 2806 omni
624 2744 794 2826 spurcitia.
847 2745 897 2806 Sic
914 2757 945 2808 st
962 2764 1019 2806 oos
1037 2722 1135 2825 aforis

103 2860 232 2940 quidem
249 2863 369 2939 paretis
395 2859 568 2925 hominibus
592 2865 693 2923 iusti.-
726 2867 938 2936 incursantem
956 2863 1042 2944 pleni
1063 2866 1135 2926 estis

105 2976 263 3069 hypocrisi
281 2989 312 3038 ct
333 2979 509 3058 inquitate.
561 2969 661 3041 Tum
688 2996 777 3043 vero
803 2969 893 3042 inter
925 2981 1050 3047 tot'Vs
1075 2970 1134 3041 illa

103 3108 183 3161 non
206 3083 270 3154 abs
301 3109 339 3154 re
365 3084 518 3179 primum
545 3088 641 3183 apud
671 3078 889 3160 Matthaeum
914 3085 1058 3183 ponitur
1079 3082 1133 3175 b):

96 3200 160 3269 :11ae
191 3223 296 3271 utitem
330 3211 418 3272 uobis
449 3212 553 3272 Scriba
586 3226 616 3275 et
655 3215 802 3275 Pharisaei
830 3215 1021 3295 hypocrita:
1059 3215 1136 3294 quia

100 3326 266 3411 clauditis
281 3346 407 3403 regnum
433 3328 573 3388 coelorom
604 3342 676 3390 onte
701 3331 860 3393 homines:
888 3332 946 3391 vos
971 3331 1051 3400 enirn
1079 3347 1139 3398 non

100 3444 259 3520 intratis,
285 3462 336 3506 nec
366 3448 555 3522 introeuntes
566 3440 821 3520 firdtis‘r'ntroro.

181 3590 208 3644 Ι

182 3666 300 3758 Quod
334 3695 461 3766 nempe
503 3692 588 3745 tunc
627 3668 804 3744 faciebant
838 3672 917 3759 illi,
959 3677 1135 3770 populum

102 3809 253 3880 quoque
288 3807 486 3860 avertentes
514 3791 725 3875 aChristo,
760 3789 906 3862 homine
934 3817 1000 3887 pro
1031 3791 1134 3862 nobis

101 3902 222 3988 fect0,
251 3920 293 3972 ut
321 3929 426 3974 ovem
453 3908 626 4002 perditam
653 3908 838 3983 reduceret
863 3911 961 3983 iuxta
986 3907 1135 4007 parabo·

140 4055 176 4130 a)
195 4052 301 4115 Morth.
327 4053 442 4117 XXIII.
466 4074 509 4127 ας.
601 4059 631 4137 t)
653 4059 691 4122 lt.
718 4073 760 4132 13.

1115 4150 1156 4275 ‘t'
