2460 4560
148 307 221 394 '98
572 293 804 344 m

171 453 259 528 siam
282 445 488 520 militantem
513 471 661 541 regnum
687 447 824 521 Christi·
841 447 878 519 in
904 449 1024 539 terris,
1051 474 1179 550 eamque
1226 470 1228 512 t

173 589 283 642 tutam
325 565 557 662 praestandam
592 563 903 638 contra'visibiles
935 586 971 639 et
1003 568 1182 642 invisibiles
1210 628 1213 633 .

170 687 314 771 hostes,
342 684 543 768 daemones,
576 681 743 775 inquam,
779 703 905 754 contra
935 710 1030 779 quos
1060 689 1183 784 semper
1212 698 1215 705 '

169 803 207 874 in
239 799 397 874 Ecclesia
433 798 586 870 exercita
620 817 672 869 est
709 817 894 896 potestas,
935 827 1004 873 nec
1040 829 1184 900 unquam

169 945 263 999 vena
304 914 553 987 miraculorum
602 914 738 987 exaruit
778 915 878 1003 iuxta
918 919 1184 1013 promissionem
1226 922 1228 931 '

170 1032 305 1111 Christi
326 1033 395 1103 iarn
418 1057 462 1103 ex
483 1033 602 1103 Marc.
627 1031 731 1104 XVI.
759 1056 814 1119 17.
847 1053 1028 1106 notatam:
1056 1087 1080 1124 „
1092 1038 1184 1133 Signa

141 1172 285 1231 ¹autem
317 1175 401 1236 eos,
438 1149 499 1244 qui
530 1146 765 1236 crediderint,
802 1148 878 1222 haec
901 1151 1115 1247 sequentur:
1150 1155 1184 1225 ln

168 1267 313 1341 nomine
340 1293 422 1339 meo
450 1265 625 1337 daemonia
653 1266 812 1340 eiicient:
849 1267 977 1364 linguis
1002 1273 1184 1366 loquentur

166 1383 290 1458 novis:
331 1385 511 1480 serpentes
542 1387 693 1456 tollent:
736 1383 829 1470 etsi
855 1385 1077 1459 mortiferum
1105 1387 1183 1485 quid

92 1578 97 1584 ,
166 1501 340 1588 biberint,
363 1528 438 1573 non
462 1499 509 1572 eis
533 1500 693 1572 nocebit:
717 1502 822 1597 super
847 1526 961 1598 aegros
986 1531 1113 1578 manus
1131 1503 1183 1577 im·

166 1602 323 1717 ponent,
353 1637 388 1689 et
409 1617 501 1689 bene
526 1617 721 1690 habebunt.
763 1618 812 1689 Et
834 1617 1019 1704 Dominus
1041 1622 1184 1718 «quidem

164 1738 264 1810 lesus
290 1754 477 1832 postquam
501 1729 647 1807 locutus'
668 1753 721 1806 est
743 1733 816 1820 eis,
844 1758 1051 1832 assumptus.
1072 1758 1126 1811 est
1142 1738 1187 1820 in.

166 1859 318 1940 coelum,
356 1871 391 1924 et
415 1852 514 1924 sedet
536 1878 557 1922 a
583 1851 715 1922 dextris
743 1850 828 1922 Dei.
888 1852 942 1924 Illi
966 1875 1097 1927 autem*
1111 1882 1183 1953 pro

64 2061 68 2066 .
164 1971 246 2042 secti
271 1967 552 2064 praedicaverunt
572 1967 725 2061 ubique,
759 1964 924 2044 Domino
953 1991 1184 2067 cooperante,

166 2107 202 2158 et
222 2088 419 2156 sermonem
445 2083 677 2153 confirmante
701 2085 929 2178 sequentibus
953 2087 1102 2181 signis.“
1131 2089 1182 2160 '0

163 2202 320 2306 divinam
345 2197 531 2291 Evangelii
560 2197 694 2269 Christi
716 2199 753 2268 in
778 2200 907 2274 vicaria
931 2227 1079 2299 quoque
1107 2230 1185 2302 apo·

163 2320 338 2392 stolorum
362 2333 539 2412 potestate
567 2315 834 2390 oeconomiam!

189 2668 423 2743 sarrano
468 2631 753 2740 onarsrr
797 2667 865 2739 ru
907 2633 1164 2746 noum

416 2797 520 2862 LEX
563 2795 929 2863 Evnrrsssstlcr.

36 3007 45 3025 ‘
159 3015 267 3094 XIX.
294 2944 486 3095 Christus
507 3014 543 3090 in
567 3021 728 3101 sermone
753 3019 818 3092 suo
841 3016 879 3091 in
901 3040 1024 3094 monte
1048 3016 1180 3094 Matala

159 3138 206 3210 V.
229 3139 293 3210 VIs
317 3160 352 3210 et
371 3137 452 3206 VII.
483 3136 610 3227 (velut
631 3137 787 3233 Moyses
810 3137 848 3206 in
872 3156 994 3208 monte
1018 3136 1114 3210 Sinai
1139 3142 1185 3209 le·

158 3282 241 3352 gem
264 3253 384 3326 aDeo
404 3248 570 3347 accepit)
591 3251 669 3346 ipse
687 3253 791 3324 nobis
810 3257 925 3348 legem
943 3256 1185 3349 evangelicam

157 3375 384 3469 promulgare
410 3367 534 3441 voluit.
587 3367 656 3439 Sed
683 3395 788 3464 quam
812 3369 870 3441 hic
896 3373 1067 3465 pleraque
1089 3395 1184 3467 para·

159 3489 257 3559 doxa
286 3490 367 3560 sunt
396 3483 618 3560 hominibus
637 3484 726 3580 (qui
757 3485 904 3579 quidem
933 3511 1062 3556 omnes
1084 3484 1184 3558 beati

160 3629 236 3675 esse
259 3600 484 3692 desiderant)
513 3602 597 3672 dum
619 3620 707 3673 mox
728 3600 830 3672 initio
855 3628 932 3673 non
953 3603 1068 3673 solurn
1093 3601 1183 3675 beati

158 3720 327 3792 dicuntur
347 3747 520 3810 pauperes,
548 3729 603 3808 qui
629 3727 751 3803 lugent,
771 3731 875 3804 flent,
902 3730 957 3809 qui
990 3731 1132 3791 esuriunt
1155 3738 1182 3790 tt

150 3840 267 3924 fitiunt
297 3855 353 3904 etc.
425 3816 561 3905 Verum¹
598 3832 700 3906 etiam
726 3835 825 3929 apud
854 3834 991 3906 Lucam
1026 3821 1092 3906 Vl
1126 3840 1179 3919 2'4.

127 4008 130 4013 Δ
165 3965 211 4027 Vn
230 3963 345 4024 dicitur
362 3959 531 4036 divitibus,
551 3957 761 4041 quisatrrratr'
779 3963 869 4040 estis,
889 3965 943 4042 qui
963 3961 1073 4024 ridetis
1088 3978 1179 4022 nunc:

65 4242 135 4288 ι.
224 4252 231 4266 ι
