2460 4560
163 363 222 426 ,50

169 486 300 579 ¹vobis,
328 507 403 555 non
427 505 484 551 me
508 468 855 565 videbitisamod0,
892 479 1010 558 donec
1039 455 1189 556 dicatisr

175 600 406 683 Benedictus,
424 595 484 690 qui
505 592 652 668 venitin
671 595 814 667 nomine
832 594 996 696 Domini.
1004 601 1027 636 “
1080 600 1185 693 Quod

170 721 326 791 futurum
346 715 382 784 in
403 711 559 784 secundo
584 711 740 782 adventu
765 713 921 807 speratur
948 715 1112 788 fincerius
1136 743 1185 788 ac-

151 898 153 911 .
173 833 413 915 clamandum,
444 854 552 921 ,quam
581 826 619 896 in
640 827 787 899 solemni
808 829 882 911 illo,
897 829 1060 926 ingressu
1087 836 1186 905 accla-

171 941 305 1024 matum
331 945 396 1020 fuit
421 971 442 1016 a
467 942 598 1016 turbis:
635 943 734 1015 Jesus
761 965 877 1017 autem
903 958 974 1032 3,ut
1000 950 1185 1045 appropin-

172 1066 315 1163 quavit,
341 1061 467 1135 videns
492 1059 664 1135 civitatem
686 1060 787 1134 flevit
809 1064 913 1159 super
931 1064 1185 1138 illam-dicens:

174 1183 269 1276 Quia
296 1181 325 1253 si
336 1178 577 1274 &cognovisses
604 1196 639 1249 et
661 1197 722 1264 tu,
751 1198 785 1249 et
815 1177 958 1275 quidem
978 1181 1016 1252 in
1042 1183 1111 1254 hac
1135 1183 1186 1254 die

171 1321 249 1387 tua,
275 1323 353 1395 quae
381 1296 424 1368 ad
454 1321 576 1391 pacem
607 1294 688 1366 tibi:
718 1301 812 1368 nunc
838 1317 954 1369 autem
983 1296 1188 1373 abscondita

151 1400 252 1489 ¹funt
274 1413 318 1485 ab
347 1412 460 1485 oculis
491 1412 568 1483 tuis.
630 1412 724 1503 Quia
750 1412 895 1487 venient
915 1414 989 1486 dies
1015 1415 1052 1486 in
1081 1435 1130 1502 te,
1156 1437 1188 1487 et

110 1591 112 1596 .
172 1527 443 1606 eircumdabunt
473 1547 507 1599 te
543 1527 673 1600 inimici
702 1528 751 1600 tui
778 1531 893 1602 vallo:
932 1550 967 1603 et
1002 1530 1186 1605 circumda·

173 1650 266 1722 bunt
281 1667 339 1732 te,
367 1665 401 1718 et
427 1647 713 1740 coangustabunt
739 1664 772 1716 te
789 1647 971 1742 undique,
999 1669 1033 1720 et
1059 1647 1115 1720 a'd-
1130 1668 1187 1722 ter·

171 1791 245 1839 ram
269 1783 496 1862 prosternent
511 1785 551 1850 te
578 1784 611 1835 et
631 1763 722 1835 filios
753 1783 854 1850 tuos,
882 1764 942 1859 qui
970 1763 1007 1836 in
1035 1785 1071 1838 te
1096 1767 1186 1837 sunt:

172 1904 208 1956 et
236 1909 310 1955 non
340 1881 541 1982 relinquent
567 1880 670 1951 inte
702 1879 854 1975 lapidem
884 1882 987 1978 [uper
1015 1883 1185 1979 lapidem:

130 2022 132 2026 ⁴
170 1998 316 2094 eoquod
335 2024 411 2068 non
425 1997 636 2090 cognoveris
651 2018 788 2093 tempus
802 1997 1009 2071 visitationis
1024 2018 1093 2070 tuae
1108 1994 1156 2086 α).
1168 2000 1186 2035 “

172 2115 284 2206 Quae,
310 2139 388 2184 cum
417 2112 549 2183 caeteris
567 2112 719 2183 Judaicae
736 2115 849 2208 gentis
871 2116 949 2187 fatis
974 2115 1086 2212 spatio
1113 2141 1188 2210 qua·

170 2231 332 2326 draginta
349 2255 522 2300 annorum
548 2247 631 2299 tunc
650 2230 866 2325 adimpletis,
890 2231 1061 2304 memoria
1074 2232 1187 2304 'homi-

168 2348 223 2420 n'is
245 2346 299 2426 bis
321 2347 415 2417 mille
438 2345 698 2441 propemodum
731 2373 906 2418 annorum
931 2344 1084 2420 decursu
1111 2375 1187 2421 ocu·

168 2464 210 2537 lis
239 2461 646 2547 nostris'obversantur3
673 2460 806 2536 habent
823 2492 911 2538 vero
933 2461 1047 2536 iudaei
1069 2486 1187 2538 testem

170 2578 269 2655 omni
301 2576 510 2675 exceptione
546 2579 713 2651 maiorem
749 2581 793 2651 de
828 2591 903 2651 bello
940 2590 1076 2661 ,ludaico
1108 2583 1188 2665 illo,

152 2699 225 2794 'cui
249 2695 477 2793 ipseadfuit,
502 2696 612 2773 fassus
631 2696 751 2769 divina
769 2694 806 2767 id
828 2694 924 2792 genti
938 2696 1007 2770 suae
1024 2698 1188 2772 accidisse

167 2806 330 2899 nemesi‚'
349 2832 455 2908 prout
483 2810 665 2885 obduratis
690 2813 756 2885 illis
785 2813 886 2886 toties
916 2812 1082 2887 Christus
1109 2841 1188 2912 prae·

168 2931 307 3003 dixerat
332 2929 369 3000 in
390 2929 565 3025 parabolis
595 2949 628 3001 et
654 2934 768 3025 palam
799 2928 935 3014 „Dixit
959 2951 1044 3026 ergo
1066 2912 1187 3005 iterum

156 3028 218 3123 ⁴eis
241 3046 339 3122 Jesus
366 3041 426 3135 b):
460 3046 543 3140 Ego
572 3045 684 3131 vado,
720 3067 756 3117 et
785 3048 946 3140 quaeretis
968 3070 1046 3134 me,
1089 3067 1125 3120 et
1154 3049 1187 3118 in

168 3182 316 3260 peccato
343 3181 463 3234 vestro
490 3161 702 3233 moriemini.
766 3162 852 3254 Quo
880 3191 949 3258 ego
974 3164 1094 3253 vado,
1124 3190 1188 3237 vos

169 3308 244 3352 non
267 3277 414 3377 potestis
435 3279 580 3350 venire.
603 3335 634 3350 ..
664 3275 753 3348 Dixi
771 3305 857 3375 ergo
879 3282 1003 3367 vobiS,
1022 3281 1106 3375 quia
1119 3305 1189 3351 mo·

108 3386 111 3392 ¹
167 3395 306 3469 riemini
323 3396 359 3467 in
377 3396 530 3491 peccatis
543 3396 686 3482 vestris,
712 3394 740 3466 si
760 3397 852 3466 enim
865 3421 939 3469 non
960 3396 1187 3484 credideritis,

169 3514 252 3609 quia
274 3536 343 3608 ego
362 3514 457 3599 sum,
483 3512 682 3586 moriemini
702 3509 739 3584 in
761 3536 910 3611 peccato
938 3534 1070 3590 vestro.
1173 3528 1178 3538 '

346 3676 349 3680 >
1033 3636 1059 3705 J

246 3738 359 3838 Quod
381 3767 468 3818 mox
489 3740 713 3843 subsequitur
735 3741 780 3818 ad
803 3749 898 3842 spem
923 3746 1016 3820 illam
1027 3736 1188 3865 ,quoque

168 3861 288 3937 referri
313 3881 437 3956 queat,
472 3866 757 3970 quaelsuperesm
797 3856 874 3936 fore
900 3865 1116 3961 aliquando,
1152 3884 1189 3938 ut

111 4098 113 4105 y
214 4015 246 4090 a)
258 4012 327 4072 luc.
345 4008 424 4070 XIX.
443 4025 488 4078 41,
576 4009 677 4088 1³).J0.,
697 4011 780 4076 tht.
803 4029 847 4075 21«
