2460 4560
434 394 436 399 V
449 379 679 402 —¹—¹‚⁸-,—-

1004 364 1070 434 153

43 508 172 586 ,pastor
200 489 320 571 bouus
343 487 481 571 dixerat
502 486 562 578 a)':
602 500 640 565 Et
667 499 747 570 olias
773 519 845 566 ouer
871 500 987 579 liabeo,
1010 522 1075 585 quc

55 635 106 678 aon
118 617 203 697 suut
227 634 267 679 ex
286 617 342 676 lroc
370 617 468 676 ovili:
492 629 523 676 ct
544 608 614 688 illus
636 628 757 695 oportet
778 637 824 677 me
850 619 1016 694 adducere,
1043 614 1075 681 et

54 753 156 796 uocem
183 751 282 793 meum
303 733 449 808 audient,
474 744 503 792 et
518 730 576 808 fiet
596 750 688 794 uuum
709 735 790 794 ovile
809 746 839 794 et
859 752 937 800 unus
951 747 1073 813 pastor.

51 841 101 912 Sic
125 840 348 936 implebitur,
375 840 474 935 quod
500 839 662 910 Christus
685 840 871 935 respondit
892 840 1072 936 discipulis

47 958 138 1044 luis,
178 958 325 1053 quaudo
350 976 434 1053 post
455 956 616 1027 ultimum
644 954 741 1038 illum
770 956 814 1027 ad
842 957 983 1029 ludaeos
1007 958 1074 1028 ler-

48 1099 216 1158 monem,
243 1075 387 1145 sedente
412 1073 516 1144 eoin
542 1095 665 1144 monte
689 1071 825 1153 Oliveti
850 1093 1073 1147 accesserunt

49 1193 92 1262 ad
117 1191 234 1286 ipsum
258 1191 415 1263 dicentes
436 1185 493 1278 b):
522 1199 581 1260 Dic
603 1200 710 1275 uobis,
737 1200 861 1281 quondo
882 1199 1075 1270 luceretur?

41 1331 76 1379 'ct
99 1318 187 1399 quad
198 1313 320 1392 stguum
343 1318 493 1381 adventus
520 1319 585 1392 tui,
612 1327 643 1377 et
665 1319 933 1383 cousummationis
937 1315 1073 1394 fleculi?

47 1421 121 1496 Ubi
153 1442 345 1519 postquam
378 1426 487 1499 multa
515 1421 562 1497 eis
592 1422 777 1518 praedixit,
806 1448 884 1517 quae
918 1423 1073 1496 debeant

47 1533 275 1638 praecedere,
302 1541 438 1620 {ubdit:
476 1550 518 1611 Et
539 1551 757 1629 praaicooitur
783 1549 840 1611 ltoc
870 1549 1075 1625 Evangelium

45 1671 129 1744 regni
149 1671 184 1729 iu
206 1639 346 1728 uuiverio
368 1668 456 1742 orbe,
483 1670 516 1726 iu
529 1667 735 1726 testimouium
757 1665 893 1725 omuibus
912 1667 1071 1740 gentibus:

47 1797 77 1846 et
118 1797 191 1846 tuuc
228 1786 331 1847 veiziet
369 1784 600 1848 consummatio.
677 1768 918 1866 Prosequutus
956 1791 1074 1843 autem

48 1891 314 1964 Christus-fata
346 1888 619 1960 novissimorum
653 1904 853 1980 temporum
885 1912 1072 1975 enarrare,

45 2008 237 2108 ipsumque
260 2027 455 2080 extremum
478 2002 667 2090 iudiciuin,
695 2013 742 2073 Aa
761 2015 867 2076 artiore
883 2027 986 2086 autem
1005 2013 1071 2092 fici,

46 2125 169 2197 subdit
201 2118 255 2213 c),
275 2134 401 2193 *discite
428 2130 638 2212 parabolam:
676 2149 743 2194 cum
771 2132 837 2193 iam
871 2149 976 2197 ramus
1009 2134 1076 2193 citu·
1170 2150 1172 2157 ’

46 2265 129 2314 tcuer
138 2248 264 2329 fiterit,
292 2262 321 2310 et
335 2247 423 2327 solio
444 2260 538 2323 uara,
554 2246 664 2325 scitis,
689 2250 765 2328 quio
780 2267 877 2327 prope
899 2259 944 2321 cst
964 2259 1072 2310 artus.-

45 2372 94 2443 t'ta
120 2380 239 2443 etvos,
267 2385 333 2426 cum
354 2367 497 2426 videritis
509 2365 568 2425 lucc
589 2367 709 2440 οηιηία,
726 2362 861 2442 scitote,
886 2366 962 2445 quia
974 2342 1077 2446 prope

47 2497 93 2546 est
120 2487 155 2544 in
181 2485 293 2571 iopuis.
352 2472 413 2541 Au
440 2498 514 2543 nou
545 2474 635 2542 forte
663 2472 768 2546 arbor
794 2472 869 2547 haec
902 2471 989 2543 ficus
1015 2470 1076 2544 illa.

22 2591 199 2663 ‘arefacta
233 2592 449 2684 repullulans
486 2607 538 2658 est
570 2590 726 2681 populus
758 2586 958 2672 luduicus?
1009 2587 1071 2658 De

49 2733 123 2803 quo
147 2708 345 2801 Apostolus
374 2701 436 2794 a):
472 2704 573 2790 „Sed
597 2724 631 2775 et
653 2704 726 2788 illi,
754 2702 782 2774 si
812 2729 885 2773 nou
914 2729 1076 2798 perman-

46 2824 157 2896 serint
176 2822 212 2892 iu
234 2820 495 2907 incredulitate,
517 2820 735 2892 inserentur:
763 2815 961 2915 potens'est
978 2821 1073 2892 euim

47 2941 152 3013 Deus
176 2938 301 3016 iterum
320 2937 473 3020 inserere
498 2938 588 3009 illos.
632 2937 725 3006 Nam
747 2938 773 3007 si
794 2957 830 3008 tu
854 2923 1073 3032 (alloquitur

44 3055 245 3154 Apostolus
268 3054 487 3140 Ecclesiam,
513 3054 641 3126 reiecta
662 3055 861 3150 synagoga,
889 3080 933 3124 ex
953 3053 1073 3148 genti-2

46 3174 138 3246 libus
163 3167 337 3260 electam)
363 3197 408 3243 ex
429 3171 577 3245 naturali
599 3171 737 3250 excisus
768 3197 803 3241 es
826 3173 1001 3256 oleastr0‚
1026 3191 1075 3244 et

48 3311 176 3364 contra
218 3309 377 3360 naturam
418 3289 569 3368 insertus
605 3314 641 3358 es
674 3287 711 3357 iu
747 3286 880 3359 bonum
914 3289 1046 3358 olivam

49 3426 187 3504 quanto
213 3404 325 3500 magis
351 3405 396 3492 ii,
424 3405 485 3499 qui
512 3405 705 3478 secundum
731 3423 891 3475 naturam
921 3403 1076 3475 inseren-

34 3543 105 3598 .tur
128 3526 198 3595 suar
228 3523 364 3595 olivae?
416 3521 515 3603 Nolo
541 3521 634 3605 euim
665 3545 731 3591 vos
758 3519 921 3613 ignorare
953 3521 1074 3594 fratres

35 3639 254 3739 ¹mysterium
288 3641 358 3710 hoc
393 3636 459 3731 (ut
477 3664 549 3712 nou
575 3635 643 3721 sitis
665 3636 856 3730 vobisipsis
877 3636 1074 3734 sapientes)

49 3757 133 3856 quia
165 3756 301 3828 caecitas
337 3781 382 3827 ex
412 3774 509 3850 parte
541 3752 688 3848 contigit
718 3753 754 3824 in
785 3753 914 3856 Israel,
958 3756 1077 3828 donec
1186 3763 1190 3771 '

35 3905 40 3917 l

86 3942 119 4016 u)
142 3939 188 4006 Ja.
214 3939 250 3998 X.
277 3943 317 3997 16.
431 3939 460 4014 l)
482 3939 581 3996 allatu.
607 3937 713 4006 XXIV.
739 3950 764 4009 3.
874 3938 903 4014 c)
925 3937 965 4001 lb.
989 3950 1032 4041 εξ.

135 4025 166 4098 d)
188 4023 263 4079 Ram.
289 4023 339 4084 XI.
366 4030 409 4103 233
648 4071 651 4075 Α
950 4106 954 4115 ¹
1081 4028 1156 4264 t
