2460 4560
184 352 253 418 162

181 498 241 566 lna
266 491 482 589 benignitate
505 487 690 563 suscitavit.
744 488 818 582 Qui
832 485 930 586 'ergo
955 492 1196 567 contradicunt

179 613 262 683 huic
286 613 384 683 dono
411 609 501 695 Dei,
529 610 736 680 altercantes
758 605 971 680 moriuntur.
987 611 1010 646 ‘⁶
1073 610 1219 685 Alludit·

171 730 238 800 bic
265 729 297 801 S.
319 727 463 800 loannis
485 724 680 821 discipulus
708 716 754 794 ad
775 717 928 796 invicem
950 713 1132 823 litigantes
1151 729 1220 802 lu·-

180 846 278 919 daeos
308 843 496 931 „dicentes
528 838 587 932 o)t
620 836 832 959 Quomt‘lo
864 855 989 937 potest
1021 844 1081 918 hic
1105 846 1196 918 nobit

180 962 264 1034 dare
286 986 425 1032 carnem
447 962 543 1031 luam
570 958 615 1032 ad
633 955 952 1032 manducandum?
989 959 1100 1036 Dixit
1121 989 1194 1058 ergo

125 1119 127 1124 ·
180 1079 228 1151 eis
255 1077 377 1148 lesus}
418 1077 557 1163 Amen,
585 1101 688 1146 amen
714 1075 798 1145 dico
824 1074 961 1148 vobis}
1007 1077 1094 1150 Nisi
1113 1106 1194 1152 man·

179 1193 390 1269 ducavetitis'
418 1219 558 1265 carnem
583 1191 645 1263 filii
670 1189 847 1277 hominis,
882 1207 917 1264 et
945 1184 1111 1268 biberitis
1131 1196 1194 1268 eius

175 1310 402 1413 sangninem,
442 1301 721 1382 nonhabebitis
751 1310 861 1391 vitam
892 1308 930 1380 in
962 1312 1082 1385 vobis.
1129 1311 1192 1404 Qui

175 1429 367 1516 manducat
400 1452 512 1499 meam
543 1451 704 1512 carnem,
745 1444 781 1497 et
805 1424 899 1498 bibit
924 1442 1051 1500 meum
1074 1428 1190 1524 langui·

165 1543 285 1633 nem,
312 1538 420 1617 habet
448 1545 556 1618 vitam
589 1546 777 1616 aeternam:
815 1560 850 1614 et
881 1563 952 1639 ego
985 1546 1187 1620 resuscitabo

180 1691 262 1737 cnm
286 1655 544 1735 innovissimo
571 1659 639 1731 die.
692 1657 788 1731 Caro
815 1650 909 1730 enim
932 1643 1016 1735 mea
1040 1680 1184 1750 vereest

179 1783 280 1855 cibus
312 1798 347 1852 et
374 1779 514 1875 languis
544 1793 644 1849 meus
674 1797 758 1849 vere
785 1798 892 1873 potus
923 1783 1027 1875 etc.“
1086 1781 1184 1874 Quam
1225 1834 1226 1838 ,

174 1897 279 1971 'multi
303 1915 424 1992 quaeso
449 1898 529 1968 sunt
552 1893 681 1979 hodie,
707 1893 769 1990 qui
796 1920 877 1966 cum
903 1892 1089 1993 discipulis
1108 1896 1179 1978 illis,
1226 1935 1230 1962 t

175 2036 269 2110 quos
297 2014 328 2084 S.
354 2014 507 2084 loannes
541 2031 661 2096 notat,
697 2006 897 2101 dicuntb):'
937 2021 1050 2085 Durus
1076 2036 1116 2087 est
1142 2021 1180 2080 lic

135 2110 137 2114 Ι
166 2139 290 2218 sermo,
313 2150 344 2199 et
364 2141 433 2220 quit
447 2149 553 2217 potest
571 2153 639 2197 cum
657 2131 789 2199 audire?
816 2150 976 2225 moxque
995 2128 1124 2216 subdit;
1145 2151 1178 2199 ex

168 2247 248 2318 boc
283 2246 411 2315 multos
447 2244 702 2338 discipulorum
733 2244 806 2317 eius
839 2245 967 2318 abiisse
1004 2265 1118 2334 retro,
1153 2259 1177 2313 tt

165 2362 246 2432 iam
267 2378 340 2430 no'n
367 2385 447 2430 cum
473 2359 535 2431 illo
564 2356 771 2434 ambulasse.
842 2361 986 2455 Quodsi
1011 2384 1099 2438 vero
1120 2364 1178 2434 alle·

100 2549 107 2559 ,
177 2478 299 2575 gorice'
322 2492 456 2548 tantum
480 2480 620 2549 locutus
645 2479 769 2550 fuisset
796 2473 980 2565 Christus,
1013 2477 1178 2576 quomodo

176 2598 284 2670 durus
314 2620 390 2666 esse
410 2597 528 2687 ⁴fermo
554 2595 728 2694 potuisset
762 2595 941 2692 discipulis
972 2596 1063 2685 illis,
1096 2618 1181 2694 quem

175 2736 284 2785 nemo
305 2733 427 2808 posset
446 2713 599 2784 audire?
635 2713 725 2803 Quis
747 2713 885 2784 dubitet
905 2713 1183 2812 benignissimum
1225 2720 1230 2777 l

174 2832 400 2916 lavatorem,
429 2826 528 2923 quod
550 2853 625 2900 uno
645 2829 758 2902 verbo
781 2831 895 2902 facere
919 2810 1113 2926 potuisset,
1133 2853 1184 2903 eos
1229 2869 1230 2886 κ

175 2937 282 3019 fuisse
310 2942 587 3032 instructurum,
624 2964 792 3059 ne11·etro
827 2938 976 3019 abirenta
1044 2943 1098 3023 At
1124 2969 1186 3020 noo

174 3061 287 3136 solum
304 3058 374 3133 hoc
395 3087 470 3132 non
488 3060 587 3145 fecit,
606 3062 729 3133 verum
751 3063 852 3134 etiam
873 3063 1084 3138 sententiam
1103 3068 1187 3138 luam

175 3207 216 3254 ac
242 3180 351 3254 verba
369 3179 521 3249 firmavit
542 3176 589 3248 ad
617 3179 806 3252 duodecim
832 3172 1010 3254 dicendo:
1054 3183 1189 3275 Nunqnid

174 3322 206 3372 tt
224 3320 282 3370 oon
307 3306 405 3367 uultis
426 3304 537 3366 obire?
579 3300 744 3386 Respondit
773 3326 843 3381 ergo
870 3310 899 3368 ei
924 3307 1032 3370 Simon
1065 3310 1189 3373 Petrus:

175 3417 306 3486 Domine
325 3416 369 3484 ad
387 3440 474 3504 quem
493 3422 633 3484 ibimus?
667 3418 762 3485 Verba
782 3427 856 3485 vita
874 3430 987 3485 aete‘rnae
1005 3425 1109 3490 ltabcsa
1155 3423 1190 3484 Et

94 3531 99 3541 ¹
175 3559 228 3601 nos
251 3542 451 3616 credidimus,-
479 3551 509 3601 ct
530 3542 744 3618 cognovimns,
772 3543 904 3625 quintu
929 3560 959 3602 cs
991 3536 1129 3605 cbristus·
1147 3539 1188 3601 to·

175 3654 234 3718 lios
255 3656 324 3747 Dein
377 3648 430 3718 Sic
456 3672 522 3717 nos
550 3667 631 3716 cum·
661 3667 735 3718 tota
760 3660 855 3719 retro
880 3643 1041 3723 Ecclesia
1067 3644 1185 3722 Christi

173 3792 263 3848 enm,
299 3783 338 3832 ut
369 3788 448 3833 cnm
481 3764 513 3833 S.
542 3762 681 3853 lupino
710 3768 836 3860 loquar
864 3754 901 3859 in
927 3766 988 3836 suat
1013 3760 1182 3864 Apologia

162 3908 240 3982 vpto
261 3878 332 3951 fide
354 3878 555 3965 christiana,
584 3893 637 3971 qui
648 3911 707 3970 ptr
729 3897 903 3956 orationem·
923 3894 1033 3974 verbi,
1062 3887 1197 3982 quodni·
1228 3918 1230 3942 ι

219 4035 248 4106 a)
270 4022 314 4098 Jo.
348 4029 396 4094 Vl.
425 4037 466 4098 tt.
553 3997 644 4106 u‘o.
669 4036 713 4094 ει,
