2460 4560
85 492 314 578 prophetorum
337 492 411 554 eius.
464 492 598 554 Salutem
621 511 659 555 ex
682 494 814 556 inimicis
839 483 970 570 nostris,
1007 477 1120 541 CAPUT

90 626 123 676 et
148 613 186 672 de
207 616 301 671 manu
328 611 483 685 omnium,
510 612 564 690 put
590 611 718 671 oderunt
740 629 803 673 nos.
855 609 973 689 Adfo-
1022 599 1099 654 Vffl·

91 729 234 789 ciendam
261 726 500 788 mirericordiam
528 735 596 786 eum
616 726 763 806 putribus
783 731 914 790 nostris:
942 742 973 790 et
987 712 1128 780 “W

92 845 260 906 memorari
284 845 457 905 testamenti
470 839 528 919 sui
544 841 661 919 suncti.
723 833 864 926 Quodsi
890 852 972 929 p'ro·

89 951 217 1023 missio
247 951 323 1021 haec
355 969 446 1020 esset
475 949 577 1020 etiam
607 950 800 1022 secundum·
832 978 971 1024 carnem

90 1070 130 1139 in
161 1060 292 1138 semine
315 1066 493 1159 Abrahae,
521 1066 761 1138 misericordia
790 1069 866 1139 haec
895 1068 972 1139 fieri

92 1211 172 1257 non
198 1182 371 1279 potuisset
389 1209 470 1256 cum
495 1182 657 1255 Patribus
681 1203 761 1254 ante
790 1183 973 1281 Christum

92 1302 167 1374 iam
196 1298 392 1385 defunctis,
431 1299 491 1370 sed
523 1326 586 1395 per
619 1300 799 1373 Christum
830 1330 889 1372 non
922 1314 977 1392 prii

88 1427 155 1506 filii
173 1403 296 1501 cainiti
320 1415 416 1487 iuxta
434 1415 653 1512 Apostolum
678 1414 735 1508 α),
762 1429 796 1489 bi
813 1425 875 1503 filii
896 1426 972 1505 Dei,

82 1543 149 1625 sed
173 1545 228 1624 piri
241 1539 303 1617 filii
314 1545 548 1622 promissionis,
576 1548 765 1607 estimantur
791 1547 824 1605 in
836 1540 975 1622 semine,

95 1649 265 1722 nimirum
294 1663 468 1721 testamenti
482 1657 540 1737 sui
553 1659 684 1737 suncti,
717 1676 790 1745 quo
817 1652 975 1722 haeredes

94 1767 245 1864 quidem
272 1763 346 1836 Dei
378 1765 580 1836 cohaeredes
617 1782 734 1835 autem
764 1765 895 1836 Christi
925 1767 977 1836 lu·
1075 1814 1078 1819 -

96 1909 179 1956 mus
203 1883 301 1978 regni
327 1881 477 1954 coeles'tis
502 1901 566 1977 per
587 1881 778 1953 Christum.
830 1879 976 1953 Deinde

98 2001 206 2092 etiam
228 2000 273 2071 ad
292 1997 564 2095 promissionem
587 1997 742 2069 Abrahae
763 1999 890 2070 factam
912 1999 976 2070 Ze·

98 2116 236 2192 oharias
253 2135 430 2213 provocat
446 2116 644 2188 iuramento
663 2115 834 2187 firmatam
854 2141 873 2186 a
890 2114 977 2188 Deo

91 2242 380 2328 persemetipsum.-
406 2245 568 2326 puonz'om‚
591 2252 630 2306 ut
649 2233 696 2304 ait
712 2231 912 2331 Apostolus·
929 2227 977 2323 b),

97 2364 249 2424 neminem
269 2361 397 2437 babuit,
418 2378 477 2441 per
501 2361 589 2442 prium
610 2363 729 2421 iuraret
748 2363 903 2422 maiorem.
942 2360 978 2421 ln

99 2497 185 2561 quo,
212 2466 332 2539 subdit
354 2463 407 2556 c),
431 2478 638 2539 abuudantius
657 2478 766 2550 uolens,
780 2477 863 2539 Deus
883 2488 981 2538 osten·
1014 2462 1016 2467 ¹

98 2596 172 2656 dere
193 2592 430 2674 pollicitationis
454 2593 616 2654 heredibus
646 2589 889 2685 immobilitatem
913 2610 1009 2654 conr

91 2708 162 2788 filii
177 2708 235 2787 sui
246 2757 257 2791 ‚
293 2712 476 2789 interposuit
503 2710 734 2770 iusiurandum:
762 2721 797 2770 ut
819 2712 882 2789 per
902 2709 980 2770 disus

100 2845 151 2888 res
192 2814 380 2902 immobiles,
424 2826 532 2907 quibus
568 2825 750 2905 impossibile
783 2837 829 2888 est
860 2827 983 2887 mentiri

102 2943 226 3019 Deum,
240 2943 450 3020 fortissimum
461 2941 615 3021 fiilatium
635 2941 818 3018 habeamur,
841 2945 894 3024 qui
916 2960 983 3004 con-

94 3059 244 3139 fugimus
280 3060 323 3120 ud
359 3060 517 3120 tenendam
544 3062 738 3140 propositam
761 3056 874 3140 spem,
914 3075 983 3144 qua

106 3165 276 3238 nimirum
307 3167 366 3261 spe
392 3165 674 3262 repromissionis
702 3167 801 3238 factus
827 3166 982 3238 Abrahae

104 3310 173 3381 per
198 3281 378 3353 Christum
400 3271 503 3354 fimus
525 3283 729 3378 participes:
756 3283 794 3352 id
815 3284 913 3376 quod
934 3301 986 3354 est

104 3405 355 3496 aigumentum
382 3399 489 3471 totius
512 3399 604 3471 iltius
632 3397 807 3493 epistolae,
834 3418 873 3468 ut
896 3397 984 3469 novi
1013 3380 1016 3385 ¹

103 3543 184 3615 prae
212 3517 323 3588 veteri
354 3536 564 3588 testamento
603 3513 839 3611 praestantiam
872 3514 985 3585 decla·

102 3654 164 3708 ret
194 3633 394 3728 Apostolus
417 3630 495 3723 >d):
538 3658 608 3728 qua
635 3630 798 3701 nimirum
830 3639 989 3719 amplioris

97 3762 209 3842 glorie
229 3761 288 3820 iste
304 3776 366 3840 pre
387 3743 496 3841 Mopse
514 3747 622 3836 dignus
642 3769 687 3821 est
708 3756 849 3833 babitus,
869 3769 1004 3840 quanto,

147 3932 407 4012 ⁶)R0m·1X·⁸·
493 3931 749 4010 t)lbtr.Vl.13.
826 3930 983 4007 s)lb.17.

198 4017 424 4094 mmm&
