2460 4560
498 379 729 394 ψ

1071 370 1116 434 71

97 495 233 585 iterum!
250 492 356 567 turba
379 492 604 566 convenisset
623 519 662 567 ac
681 514 794 582 tanta,
822 473 860 569 ut
882 522 956 568 non
974 519 1121 594 possent

98 638 212 708 neque
239 637 370 708 panem
391 612 621 683 'manducare
647 608 712 700 a),
749 612 833 687 hinc
859 615 950 685 forte
976 615 1118 708 quidam

96 727 235 825 pertaesi
270 727 323 800 sui
363 730 617 799 commensales
654 729 818 806 exierunt
856 750 975 802 tenere
1016 756 1118 802 eum:

96 844 300 930 „dicebant
319 843 413 930 enim
436 844 528 940 (ipsi
553 842 762 934 furibundi)
785 846 954 942 quoniam
973 845 1010 916 in
1027 847 1122 918 furo·

94 987 168 1034 rem
189 986 315 1034 versus
345 981 407 1034 est
476 961 630 1052 Oblatus
657 981 710 1033 est
736 963 767 1032 ei
790 983 874 1036 tunc
900 965 1119 1040 daemonium
1219 946 1224 953 .

94 1079 231 1152 habens
258 1103 370 1150 caecus
388 1097 423 1154 et
442 1097 579 1164 mutus,
607 1098 642 1150 et
663 1079 796 1151 curavit
816 1106 913 1168 eum,
939 1080 1048 1156 itaut
1070 1083 1121 1151 lo·

93 1213 282 1290 queretur,
310 1213 346 1266 et
370 1192 518 1270 videret.
567 1195 617 1267 Et
647 1196 834 1292 stupebant
856 1223 979 1269 omnes
1003 1196 1115 1273 turbet

96 1311 336 1393 etdicebant:
364 1310 542 1407 Nunquid
562 1311 619 1385 hic
644 1332 695 1383 est
716 1312 825 1387 Filius
852 1311 1003 1385 David?
1029 1314 1118 1385 Pha·
1189 1337 1192 1341 ’

96 1426 183 1500 risaei
218 1445 335 1504 autem
367 1415 549 1504 audientes
581 1427 773 1501 dixerunt:
819 1428 888 1505 Hic
919 1457 993 1506 non
1024 1429 1117 1502 eiicit

97 1545 298 1631 daemones,
333 1543 399 1620 nisi
432 1543 468 1615 in
500 1544 703 1617 Beelzebub
734 1545 896 1642 principe
926 1546 1119 1622 daemonio-

94 1664 232 1734 rum:“
267 1658 329 1762 qui
354 1682 597 1741 verumtamen
637 1662 682 1731 ab
720 1663 871 1733 exordio
899 1662 1120 1758 praedicatio·

96 1778 146 1850 nis
169 1780 260 1866 luae,
287 1795 475 1878 postquam
501 1778 663 1849 Satanam
685 1779 757 1853 sese
781 1797 974 1853 tentantem
999 1777 1119 1847 divina

95 1893 224 1966 virtute
260 1893 474 1994 depulisset,
511 1919 591 1964 eum
622 1890 725 1970 toties
760 1892 978 1988 (aliquando
1015 1891 1119 1964 etiam

94 2004 527 2106 legionem'daemonum)
554 2035 599 2080 ex
624 2008 778 2129 pbsessis
804 2009 972 2081 deiiciens
995 1998 1117 2081 adesse

93 2151 131 2198 se
149 2127 196 2198 ad
220 2125 354 2204 Satanae
372 2152 522 2221 regnum
541 2126 794 2207 destruendum
817 2145 886 2199 tam
907 2130 1115 2211 luculenter,

95 2243 270 2315 eliciendo
304 2243 484 2318 daemones
519 2263 589 2314 tam
626 2262 789 2336 potenter
823 2263 858 2320 et
894 2245 1117 2338 frequenter,
1208 2236 1211 2240 ’

94 2358 367 2446 demonstravit,
394 2359 477 2455 ipsis
500 2359 683 2437 Pltarisaeis
706 2359 843 2432 invicto
869 2351 938 2431 hoc
962 2361 1011 2430 ob
1035 2385 1119 2431 ocu·

93 2479 146 2548 los
172 2474 293 2573 posito
311 2496 521 2570 argumento
541 2474 596 2565 b):
624 2477 755 2562 „lesus
778 2496 895 2547 autem
920 2476 1029 2552 [ciens
1060 2501 1117 2546 co·

92 2592 281 2688 gitationes
304 2618 446 2678 eorum,
464 2592 555 2664 dixit
574 2591 640 2664 eis:
660 2591 780 2664 Omne
793 2617 942 2686 regnum
964 2591 1116 2664 divisum

94 2729 218 2783 contra
237 2735 292 2794 se,
316 2708 549 2788 desolabitur:
569 2729 604 2780 et
623 2708 737 2779 omnis
756 2706 895 2793 civitas,
910 2710 967 2786 vel
987 2706 1116 2782 domus

93 2825 208 2898 divisa
218 2845 341 2902 contra
354 2851 401 2911 se,
417 2852 490 2896 non
505 2824 616 2898 stabit.
634 2826 683 2904 Et
696 2826 723 2902 si
736 2824 877 2902 Satanas
888 2823 1047 2895 Satanam
1061 2823 1118 2893 eii·

93 2943 157 3030 cit,
187 2943 355 3013 adversus
379 2968 416 3013 se
441 2941 573 3014 diuisus
597 2962 664 3013 est:
693 2941 879 3036 quomodo
904 2965 989 3034 ergo
1015 2939 1117 3009 stabit

91 3084 241 3154 regnum
255 3057 327 3131 eius
337 3058 356 3133 ⁶?
367 3057 454 3129 Etsi
465 3084 533 3153 ego
546 3059 581 3129 in
591 3057 795 3138 Beelzebub
809 3055 908 3128 eiicio
923 3055 1115 3138 daemones,

89 3174 152 3247 filii
165 3173 298 3260 vestri,
323 3172 402 3274 (qui
416 3173 566 3251 eandem
580 3202 600 3246 a
613 3203 669 3247 me
683 3192 895 3270 potestatem
910 3166 1060 3271 habent)
1079 3169 1117 3240 in
1151 3164 1155 3174 ’
1177 3254 1182 3265 ¹

88 3316 163 3387 quo
179 3287 351 3363 eiiciuut‘?
368 3290 456 3363 Ideo
474 3288 542 3387 ipsi
558 3291 692 3369 iudices
706 3289 815 3363 vestri
832 3289 977 3372 erunt,“
994 3287 1120 3357 sessuri
1137 3367 1144 3380 ι

88 3408 283 3503 aliquando
295 3402 1116 3508 supersedesduodecimiudicantesduodecim

87 3524 204 3596 tribus
223 3524 347 3595 Israel:
366 3532 400 3595 Si
417 3546 520 3600 autem
534 3536 632 3607 ego't'n
650 3533 766 3613 Spiritu
785 3529 844 3592 Dei
857 3531 946 3597 uicto
963 3531 1113 3607 demones,

85 3653 188 3726 igitur
197 3654 345 3728 potuerat
361 3652 393 3710 in
410 3668 468 3712 vos
489 3668 612 3725 reguum
631 3650 711 3711 Dei:
735 3639 827 3714 foras
848 3634 1009 3709 nimirum
1036 3665 1115 3734 pro·

85 3757 183 3829 iecto
201 3755 359 3852 principe
374 3756 476 3828 huius
490 3757 614 3839 mundi
629 3757 764 3826 Satana.
794 3755 912 3846 Quem
930 3781 1017 3831 vero
1035 3782 1117 3826 cum

85 3869 195 3946 bonis
217 3873 366 3969 perinde
390 3899 430 3946 ac
458 3873 555 3945 malis
576 3870 753 3968 spiritibus
778 3896 822 3946 ex
848 3899 965 3944 rerum
992 3892 1114 3942 natura

132 4020 164 4098 a)
185 4023 276 4080 Marc.
298 4023 357 4082 111.
380 4039 424 4086 20.
518 4023 548 4096 b)
569 4022 668 4085 lituus.
694 4022 762 4083 XII.
787 4040 830 4092 ας.
