2460 4560
502 365 504 371 ι
575 356 809 373 m

254 345 331 414 274
1173 362 1177 451 p

114 466 230 529 (ΜΝ
253 500 370 571 neque
392 469 493 545 isthic
507 467 641 566 aliquid
655 464 753 542 aliud
770 486 865 558 erat,
896 472 1004 567 quod
1025 490 1139 571 posset

128 587 204 644 xlv.
249 593 329 667 illos
341 594 399 665 vel
410 591 621 686 percellere,
642 589 703 661 vel
715 585 866 663 allicere.
897 582 1136 667 llliveronon
1175 588 1177 593 ’

93 701 363 783 “Wmodo
395 706 576 793 adorant,
611 701 674 778 sed
707 704 838 801 apertis
869 706 1050 783 thesauris
1076 708 1137 783 suis

250 848 399 902 munera
436 819 620 908 offerunt;
659 842 809 895 munera
842 817 1029 921 inquam,
1065 848 1134 901 non
1171 854 1177 907 ,·

248 942 352 1042 quasi
371 938 529 1030 homini,
552 936 615 1013 sed
636 938 737 1035 quasi
758 936 858 1015 Deo.
912 936 1027 1017 Thus
1048 942 1137 1017 eninr
1175 978 1177 1017 :

155 1128 158 1132 .
250 1081 287 1135 et
329 1061 473 1158 myrrha
509 1055 585 1129 Dei
617 1055 772 1129 maxime
804 1052 1021 1155 symbolum
1059 1081 1135 1136 erat
1174 1036 1177 1105 1

250 1175 353 1272 Quid
372 1164 478 1274 igitur
495 1173 567 1247 hoc
584 1170 651 1245 illis
675 1169 809 1247 suasit?
836 1170 891 1247 ld'
899 1174 1027 1275 ipsum
1042 1178 1135 1279 quod
1174 1170 1177 1249 ἷ

250 1275 419 1369 excitavit
441 1292 542 1380 illos,
568 1308 609 1363 ut
631 1290 751 1364 relicta
774 1291 889 1365 domo
911 1310 1055 1369 tantum
1072 1295 1133 1369 iter

247 1405 492 1506 susciperent,
528 1406 695 1480 nimirum
725 1405 845 1497 stella,
884 1426 923 1483 et
954 1408 1135 1487 illustratio
1175 1414 1177 1489 i

247 1528 376 1602 mentis
408 1549 430 1599 a
461 1526 548 1599 Deo
579 1524 666 1621 ipsis
692 1519 824 1633 indita,
862 1547 945 1623 quae
972 1520 1137 1627 paulatim
1173 1494 1177 1557 1

246 1644 329 1719 illos
349 1642 396 1718 ad
414 1639 663 1743 perfectiorem
681 1643 845 1716 notitiam
863 1644 1032 1721 deduxit.
1059 1644 1139 1720 Nisi

251 1764 346 1837 enim
359 1785 414 1836 res
429 1763 466 1836 se‘
479 1762 528 1835 ita
541 1758 707 1848 haberet,
726 1784 807 1835 cum
821 1760 968 1853 omnia,
991 1790 1071 1863 quas
1083 1766 1139 1838 ist-

249 1877 310 1954 hic
328 1876 565 1967 videbantur,
585 1876 670 1953 vilia
688 1896 824 1968 essent,
847 1902 926 1955 non
949 1878 986 1955 ei
1006 1901 1138 1956 tantum

248 1996 497 2071 exhibuissent
528 1994 716 2087 honorem.
779 1995 871 2071 Ideo
902 2016 1027 2073 autem
1055 2000 1138 2074 nihil

249 2140 397 2199 eorum,
427 2139 506 2209 quae
532 2109 596 2186 sub
620 2112 760 2186 sensum
782 2114 936 2205 cadunt,
964 2116 1020 2193 ibi
1044 2143 1137 2215 mag·

249 2248 454 2314 numerat,
491 2224 553 2302 sed
578 2255 765 2327 praesepe,
792 2232 1002 2330 tugurium,
1029 2256 1137 2309 mater

247 2343 377 2443 inops,
414 2365 455 2418 ut
487 2344 621 2418 nudam
652 2373 840 2445 magorum
867 2344 1137 2449 philosophiam

247 2459 457 2563 perspiciaS,
485 2481 591 2558 atque
616 2463 750 2553 discas,
775 2490 838 2540 eos
860 2488 938 2540 non
965 2488 1008 2542 ut
1027 2470 1139 2543 homi·

248 2604 333 2656 nem
350 2604 503 2679 purum,
529 2579 591 2654 l‘ed
608 2600 648 2655 ut
665 2581 789 2656 Deum
808 2600 842 2656 et
857 2580 1070 2660 beneficum
1087 2587 1138 2685 ip·

248 2722 328 2774 sum
346 2699 484 2771 adiisse.
514 2698 750 2797 Quapropter
769 2700 869 2773 nullo
890 2722 1042 2792 eorum,
1061 2730 1137 2803 qua

250 2817 469 2891 extrinsecus
499 2816 739 2906 videbantur,
775 2811 904 2897 offensi
935 2812 1044 2910 sunt,
1080 2821 1139 2897 sed

248 2930 512 3017 adoraverunt,
528 2952 563 3005 et
581 2932 678 3006 dona
694 2932 923 3021 obtulerunt,
943 2961 1029 3032 quae
1047 2940 1142 3014 dona

248 3032 399 3124 multum
424 3074 444 3121 a
462 3044 607 3123 ludaica
627 3053 779 3125 crassitie
801 3045 1034 3132 differebant.
1071 3058 1141 3131 Ne·

248 3190 320 3264 que
345 3161 438 3238 enim
461 3188 549 3238 oves
578 3188 614 3240 et
637 3168 771 3242 vitulos
794 3168 1053 3263 immolarunt,
1081 3176 1140 3249 sed

248 3305 329 3381 quac
355 3283 597 3356 ecclesiasticas
620 3284 858 3382 philosophiae
875 3283 1005 3363 vicina
1032 3312 1139 3367 erant

247 3400 427 3500 Siquidem
452 3400 652 3490 scientiam,
677 3396 940 3491 obedientiam,
971 3427 1011 3479 et
1037 3410 1142 3483 dilec-

242 3521 384 3595 tionem
402 3518 470 3616 ipsi
487 3519 728 3597 offerebant.“
765 3517 878 3593 Vides
896 3520 957 3594 hic
976 3525 1139 3603 sanctum

248 3632 452 3711 Ductorem
478 3660 553 3708 non
581 3639 626 3710 ad
650 3632 783 3735 species
807 3664 1003 3713 munerum
1032 3665 1140 3719 atten-

249 3750 357 3841 dere,
392 3752 453 3827 sed
483 3752 584 3828 altius
616 3782 683 3829 nos
719 3782 740 3830 a
771 3756 877 3830 rebus
907 3753 1137 3839 sensibilibus

247 3863 501 3968 sublimiusque
527 3870 574 3945 ad
605 3872 642 3945 id
667 3874 844 3961 evehere,-
880 3878 987 3968 quod
1019 3881 1084 3955 hic
1108 3882 1137 3952 in

247 3985 374 4086 Magis
392 3986 586 4084 gentilibus
610 3990 804 4092 auspicium
821 3990 971 4085 habuit,
996 4022 1020 4073 a
1045 3995 1136 4075 Chri
