2460 4560
226 319 327 409 <3¹⁸¹
569 306 801 349 r--m

105 464 219 527 ΒΑΜ
249 470 419 542 tationem
440 465 682 550 eludit,'.dum
706 462 857 550 ltrtrsnrn,
877 463 1011 561 inquit,
1022 473 1101 558 scrip·
1129 528 1132 536 .

109 583 189 638 Ἣ·
247 610 313 658 tum
338 609 406 659 est:
447 595 514 654 Non
543 594 674 656 tentabis
704 592 873 653 Dominum
900 593 1002 655 Deum
1024 608 1102 656 enan
1145 646 1147 651 Α

95 692 327 776 “WNec
356 700 451 773 enim
481 725 547 799 per
563 698 737 786 alienam,
764 718 807 770 ut
830 699 863 770 st
883 699 1034 773 Irenaeus
1058 701 1106 772 ol>
1139 729 1147 766 r

221 849 224 853 ’
247 838 364 894 servat
394 815 458 907 a),
496 817 591 904 „sed
623 841 688 911 per
716 815 898 913 propriam
916 806 1039 892 ¹Patris
1065 814 1104 889 s'
1136 847 1148 884 r

246 936 456 1013 sententiam
482 931 657 1005 destruxit
685 933 952 1020 adversarium,
991 954 1027 1007 et
1053 936 1108 1006 lor·

248 1072 322 1125 tem
339 1052 475 1138 vicit,“
501 1052 671 1142 stmulque
688 1073 726 1120 se
748 1049 823 1120 eius
845 1050 976 1122 Filium
997 1050 1109 1136 innuit,
1147 1076 1148 1081 ¹

245 1190 288 1242 ut
314 1162 415 1241 notat
433 1168 465 1239 S.
487 1166 611 1238 Petrus
631 1163 878 1261 Chrysologus
906 1192 979 1253 „se
1003 1166 1111 1261 utique

246 1284 470 1370 Dominum,
496 1309 533 1354 se
551 1281 673 1377 utique
690 1280 811 1354 Deum
830 1283 985 1379 intelligi
1000 1283 1112 1368 voluit,

247 1402 322 1472 haec
353 1399 531 1472 dicendo:
570 1399 631 1495 qui
667 1425 738 1471 non
780 1399 824 1471 de
854 1400 968 1496 pinna
1004 1397 1114 1497 templi
1145 1488 1148 1507 1

247 1534 446 1597 τειηωιηεε
471 1514 571 1586 dedit
592 1515 638 1586 ad
661 1535 809 1604 terram,
835 1517 898 1587 sed
922 1544 942 1588 e
968 1517 1063 1591 eoelis
1084 1541 1115 1588 se
1146 1526 1149 1617 ξ

248 1634 295 1704 ad
322 1632 451 1705 inferos
478 1658 591 1728 usque
620 1631 783 1719 iactavit,
820 1650 860 1704 ut
892 1659 970 1706 non
999 1622 1149 1727 eaden-l

247 1750 338 1828 ,tium
360 1750 495 1835 forma,
522 1749 583 1820 sed
610 1769 700 1822 esset
724 1750 936 1822 resurrectio
967 1771 1118 1826 mortuo-
1147 1746 1149 1751 ’

160 1952 162 1957 Ι
238 1869 372 1938 'rums‘
431 1866 480 1938 Et
502 1891 590 1937 mox
612 1864 708 1937 idem
730 1865 762 1938 S.
785 1865 889 1937 Pater
918 1868 966 1938 ad
989 1867 1117 1940 tertiam

247 1982 501 2068 tentationem,
529 2007 600 2077 qua
630 1982 675 2053 ad
703 2000 833 2053 tantam
857 1982 1043 2057 audaciam
1063 1984 1119 2055 im·

248 2100 527 2196 pudentiamque
549 2098 683 2195 erupit,
709 2117 749 2170 ut
770 2115 807 2169 se
826 2099 969 2170 adorari
992 2120 1120 2197 peteret

250 2217 443 2302 diabolus,
475 2215 682 2311 promittens
716 2213 885 2287 Chris'tot
925 2224 998 2288 Haec
1016 2200 1119 2287 'omnia

246 2343 327 2422 dubo
350 2342 426 2416 tibi,
453 2345 479 2402 si
503 2341 611 2402 cadens
635 2343 815 2416 adoraveris
839 2360 911 2402 mee
947 2382 971 2418 „
984 2333 1118 2419 offert,

246 2448 366 2545 pergit
395 2447 426 2518 S.
455 2447 699 2546 Chrysologus
724 2444 786 2536 b),
812 2472 892 2543 quae
919 2446 998 2522 Dei
1025 2452 1118 2535 sunt,

137 2627 140 2639 ,
246 2564 358 2639 Deo:
383 2563 552 2651 -a‘uctori,
589 2589 668 2660 quae
699 2564 851 2637 auctoris
877 2565 979 2652 sunt,
1007 2592 1120 2664 repro·

248 2683 373 2756 mittit:
408 2683 548 2768 suadet,
572 2699 615 2753 ut
639 2681 765 2755 adoret
790 2681 835 2753 ab
866 2682 1039 2756 omnibus
1066 2681 1118 2754 ad-

246 2799 420 2886 orandus,
449 2818 483 2871 et
500 2818 649 2871 caecatus
672 2798 814 2872 ausibus
841 2797 910 2882 suis
931 2819 1017 2871 ante
1038 2798 1117 2871 iudi·

242 2905 339 2989 cium
362 2916 488 3002 iudiei,
514 2916 815 3014 quemadmodum
835 2913 1011 3012 simplices
1035 2913 1117 2988 deti·

245 3055 369 3127 peret,
396 3033 608 3105 confitetur:
645 3023 702 3106 ¹cui
727 3030 909 3104 Dominus
941 3059 1021 3105 non
1055 3053 1115 3105 tam

246 3147 450 3222 testimonio
476 3149 587 3242 legis,
623 3176 729 3245 quam
758 3148 950 3224 divinitatis
979 3152 1050 3223 suae
1074 3175 1117 3221 re·

245 3266 401 3364 spondet
425 3263 600 3362 imperio:
635 3276 801 3338 Dominum
825 3274 927 3338 Deum
953 3289 1047 3338 tuum
1071 3275 1117 3338 od

245 3396 357 3457 orabis.
435 3382 500 3456 Tu
534 3381 733 3458 Dominum
762 3382 1035 3472 Deumjllum,
1067 3367 1117 3455 cui

247 3513 344 3597 genu
374 3499 524 3599 flectunt
559 3499 678 3571 omnia
708 3526 783 3571 non
813 3500 928 3572 folum
967 3499 1117 3574 coetestia

248 3642 283 3693 et
306 3616 501 3702 terrestria,
527 3617 587 3687 led
613 3616 716 3688 etiam
743 3616 888 3720 inferna.
939 3615 1117 3691 Adorabis

248 3760 334 3830 ergo
357 3756 395 3809 tu
413 3733 612 3806 iu'iulerno
632 3733 780 3807 stridens
803 3755 839 3805 et
860 3734 999 3806 eiulans
1025 3761 1116 3819 eum,

247 3874 353 3942 quem
388 3853 434 3926 ad
462 3873 495 3925 te
522 3852 743 3927 adoraudum
769 3850 880 3923 modo
916 3852 1116 3929 temerarius

283 3997 319 4084 ἰ)
344 3999 401 4060 Lito.
429 3999 462 4055 V.
485 4014 571 4060 contra
591 3977 692 4060 lraereles
712 4019 734 4065 c.
760 4017 803 4064 22.
885 3997 925 4079 l)
950 4001 1018 4076 1³05.
1042 3969 1083 4072 l4.
