2460 4560
232 339 305 405 330
332 304 335 309 ’
550 307 782 376 *Ε

87 461 200 530 carot
234 462 424 545 Christus:
463 470 547 554 Quia
571 470 642 534 dixi
667 467 747 546 tibi,
782 466 856 530 vida·
885 476 919 533 te
932 468 1000 551 sot
1021 462 1100 549 fico,

88 578 185 641 xxtl.
232 593 347 655 credis.-
368 591 469 653 maius
485 587 536 648 Iris
552 584 691 662 uidebis,
704 576 840 649 coelum
861 560 999 676 nempe
1018 605 1101 676 aper·

85 700 322 786 '‘Wtum,
349 715 389 769 ut
410 680 506 769 olim
521 691 560 764 in
584 694 711 766 somno
739 692 871 782 Jacob,
904 715 942 768 et
965 700 1101 793 angelos

225 815 300 890 Dei
314 812 544 887 ascendentes
558 829 593 883 et
605 810 866 892 descendentes
879 812 990 909 supra
1000 813 1100 887 filiun

223 930 391 1007 hominis.
455 927 518 1008 Dc
549 926 715 1001 Domino
749 928 904 1023 superne
944 929 984 1000 in
1020 933 1100 1003 coelo

222 1049 388 1128 innixum
412 1049 509 1127 scalae
534 1043 622 1120 nihil
645 1041 791 1118 dicitur:
816 1045 905 1142 quia
925 1044 1100 1125 Dominus

116 1199 120 1208 ·
222 1165 283 1243 ille
311 1165 414 1239 Deus
437 1189 501 1260 per
525 1161 803 1234 incarnationem
828 1160 901 1234 iam
929 1163 1028 1238 filius
1049 1165 1098 1235 ho·

224 1281 331 1361 minis
349 1281 385 1352 in
406 1279 505 1352 terris
525 1298 617 1366 erat,
638 1298 672 1353 et
688 1279 733 1351 ad
749 1279 849 1353 suum
872 1278 1097 1355 ministerium

224 1401 374 1494 angelos
396 1383 522 1471 habuit
539 1396 770 1473 ascendentes
791 1415 827 1471 ct
845 1395 1098 1471 descendentes

222 1515 314 1588 ficut
343 1512 380 1584 in
405 1512 517 1598 Jacob
544 1512 611 1584 fuit
636 1512 841 1609 figuratum,
870 1535 1097 1611 paratumque

224 1631 265 1710 in
283 1631 362 1730 ipso
382 1628 676 1729 peregrinationis
696 1631 765 1703 suae
784 1631 954 1705 exordio.
991 1632 1097 1704 Tanta

226 1768 343 1827 autem
373 1768 425 1820 est
454 1745 618 1825 distantia
642 1746 732 1821 inter
761 1765 887 1845 typum
921 1768 960 1820 et
988 1747 1096 1822 verita·

226 1883 299 1944 tem
329 1862 366 1938 in
401 1863 575 1949 Christo,
614 1883 746 1960 quanta
779 1863 871 1936 iuter
911 1871 1042 1939 coelum
1069 1882 1099 1936 et

225 2001 371 2068 terram,
393 1980 575 2054 hominem
598 1998 633 2052 et
649 1978 792 2068 Deum,
814 1981 929 2076 qualis
949 2005 1004 2056 est
1019 1982 1100 2056 filius

226 2095 399 2184 hominis,
422 2097 469 2169 ad
487 2096 806 2170 manifestationem
833 2098 967 2171 divinae
988 2099 1100 2196 gloriae

226 2212 342 2289 Verbi
364 2212 534 2289 incarnati
554 2228 618 2310 per
641 2214 876 2310 Evangelium
898 2243 1023 2289 coram
1047 2218 1101 2289 ho·

226 2331 382 2410 minibus
434 2329 630 2404 ministerio
677 2336 887 2428 angelorum
942 2332 1102 2406 Domino

225 2447 399 2545 perinde,
431 2474 472 2521 ac
492 2448 700 2536 hominum,
724 2448 909 2544 unigenito
934 2449 1014 2523 lilio
1037 2448 1103 2522 Dei

226 2565 396 2663 praestito
445 2564 568 2638 Potuit
588 2565 788 2642 Nathanael
809 2566 911 2638 facile
936 2593 956 2637 a
984 2588 1102 2640 coacta·

228 2683 304 2755 neis
329 2683 397 2758 suis
417 2681 623 2777 comperiri,
650 2708 729 2777 quae
752 2684 882 2756 fuerint
903 2683 1002 2757 circa
1022 2686 1101 2756 Ver·

225 2801 313 2874 bum
336 2800 556 2873 incarnatum
583 2798 711 2871 Filium
738 2799 812 2871 Dei
837 2799 1045 2874 venientem
1068 2801 1099 2873 in

106 2970 111 2982 ,
225 2918 323 2995 hunc
348 2917 522 2991 mundum
542 2919 750 3012 angelorum
768 2915 983 3004 ministeria,
1013 2945 1100 2992 com·

163 3085 168 3102 ,
225 3053 389 3134 pertusus
422 3033 497 3130 ipse
533 3058 573 3104 ac
608 3056 726 3110 coram
754 3031 945 3105 intuiturus
980 3037 1100 3108 eadem

222 3169 310 3248 post
333 3147 627 3221 resurrectionem
657 3149 694 3220 in
725 3151 930 3222 ascensione
959 3177 1102 3246 praeser-

222 3270 287 3342 tim
313 3267 350 3339 iu
376 3267 504 3339 coelum
535 3287 570 3340 et
593 3269 713 3341 futuro
744 3269 901 3340 adventu
931 3269 1103 3356 secundo.»

223 3386 303 3468 Hac-
323 3411 402 3462 cum
423 3384 593 3458 sententia
612 3384 712 3458 facile
727 3383 983 3471 conciliantur,
1009 3412 1100 3459 com·

221 3504 461 3598 binanturque
486 3505 665 3599 pleraeque
687 3525 831 3587 omnes,
859 3525 938 3596 quac
959 3522 1032 3575 tam
1055 3502 1106 3574 di·-

222 3646 334 3700 versae
368 3638 558 3694 occurrunt
593 3619 688 3717 apud
718 3638 854 3693 veteres
881 3619 1034 3713 perinde
1062 3645 1099 3693 ac

220 3737 452 3824 recentiores,
474 3735 643 3832 fimulque
663 3735 876 3817 admirabilis
894 3735 954 3805 illa
973 3736 1099 3834 srmpli·

221 3851 306 3923 citas
333 3854 550 3940 declaratur,
578 3878 649 3948 qua
674 3852 836 3926 Christus
864 3850 1100 3941 Nathanaelis

222 3968 349 4050 Filium
372 3967 446 4050 Dei
474 3990 508 4042 et
529 3968 648 4068 regem
670 3970 776 4049 Israel
800 3971 1033 4067 agnoscentis
1057 3973 1100 4046 stc
