2460 4560
317 334 637 395 ‘m‘
843 353 914 424 ²45

78 494 176 556 timus
196 493 359 569 imaginem
381 476 510 569 terreni,
528 503 688 573 portemus
703 502 736 559 et
750 494 927 570 imaginem,
945 477 1058 541 ΟΜΝ

78 612 188 674 testis:
217 586 358 697 Nempe
377 595 415 689 a)
441 583 509 669 cum
530 627 657 672 essemus
677 614 792 672 mortui
805 629 915 692 peccc-
963 590 1043 655 Vffl·

83 773 95 804 ,
126 726 368 804 conministcavit
389 745 444 788 nos
468 729 500 786 in
525 726 663 803 Christo,
699 730 784 798 cuius
805 711 1067 810 gratiaVW

78 845 105 904 is
110 843 262 924 salvati,
278 857 309 907 et
325 844 595 923 conresuscitavit,
620 856 651 905 et
669 836 822 914 consedere
832 843 917 923 fecit

88 961 261 1022 celestibus
286 965 319 1022 in
346 961 463 1024 Christo
491 958 576 1028 Jesu.
627 949 808 1037 Mirarer,
838 978 914 1033 esse

80 1066 219 1161 dieque
248 1093 292 1137 ex
319 1064 526 1146 Christianis
554 1065 657 1142 etiam
684 1066 911 1157 doctoribus,

78 1181 96 1276 ἱ
129 1183 378 1255 resuscitantes
413 1201 580 1279 exparte
608 1183 728 1264 saltem
751 1204 912 1260 veterum

77 1295 275 1371 iliastarum
301 1299 559 1381 Judaizantium
583 1299 812 1407 opinionem,
843 1326 913 1379 ses·

78 1437 177 1490 trane
210 1441 359 1512 regnum
393 1407 585 1516 ‘qunddam
619 1414 836 1489 Davidicum
872 1417 910 1489 in

78 1534 135 1606 'ris
159 1559 240 1605 cum
270 1532 414 1611 Christo
437 1558 552 1615 aevum
576 1535 758 1631 quoddam
784 1534 911 1630 perdu-

78 1674 209 1736 tsrum‚
237 1649 302 1721 nisi
325 1676 370 1730 ex
392 1649 458 1731 illis
480 1634 614 1735 essent,
648 1650 709 1744 qui
727 1649 909 1730 ecclesium

78 1767 243 1838 litantem
264 1791 414 1860 regnum
436 1765 622 1838 Christin'n
641 1765 740 1845 tersis
759 1766 909 1865 aprima

78 1882 229 1960 tristiani
252 1881 405 1958 nominis
434 1901 533 1957 aetate
554 1881 591 1959 in
618 1883 705 1959 orbe
732 1881 907 1954 catholico

78 1999 268 2095 nspicuum
295 2001 423 2077 nolunt
449 2023 662 2092 agnoscere,
689 2000 783 2077 haud
806 1999 906 2077 secus

94 2115 212 2189 Judaei
241 2115 421 2196 Christum
445 2115 612 2196 humilem
641 2142 680 2188 ac
707 2115 919 2202 abiectum,-

78 2258 113 2304 m
147 2257 267 2307 coram
293 2251 477 2322 cernerent
501 2233 689 2312 Romanos
709 2232 903 2305 domitores

78 2346 128 2420 bis
145 2350 315 2427 falsorum
335 2348 483 2427 deorum
500 2352 668 2435 cultores,
691 2349 903 2427 divinarent·

78 2490 96 2537 e
122 2463 286 2562 experti,
314 2464 416 2544 toties
441 2462 567 2545 accisas
590 2492 643 2536 res
666 2465 741 2536 [uas
766 2467 805 2536 a'c
827 2491 904 2558 reg·

78 2608 139 2668 m,
176 2580 314 2674 quoties
345 2600 460 2677 patres
484 2582 535 2660 [ui
561 2607 581 2653 a
607 2585 703 2658 cultu
730 2581 804 2654 veti
830 2579 904 2656 Dei

100 2698 141 2769 in
168 2696 407 2775 idololatriam
431 2696 577 2772 fuissent
604 2698 793 2801 prolapsis.
810 2715 916 2772 certe·
1030 2756 1040 2766 ,

78 2840 140 2889 rro
161 2834 320 2893 tenentes
339 2814 520 2892 fimulacra
543 2815 701 2909 gentium
722 2833 906 2909 argentum

89 2957 217 3010 aurum
251 2956 361 3026 opera
389 2956 557 3011 manuum
586 2931 770 3012 hominum
801 2957 903 3016 esse;

78 3067 199 3120 sentes
218 3047 254 3124 in
273 3047 375 3129 sacris
398 3047 465 3124 suis
487 3074 565 3121 cum
588 3047 686 3146 regio
708 3051 817 3150 psalte
840 3048 904 3124 suo

78 3165 176 3238 tvide
208 3164 290 3258 (inw
309 3165 407 3250 cuius
435 3164 563 3241 [emine
595 3186 690 3252 erat,
716 3165 816 3259 quod
847 3189 906 3245 ex·

78 3281 236 3355 secabant
261 3300 346 3353 tunc
370 3284 427 3360 vel
454 3281 605 3363 maxime
632 3280 751 3356 ablato
773 3307 792 3359 ,a
815 3279 905 3351 Juda

78 3419 197 3496 spuo,
237 3397 502 3474 instaurandum
539 3396 688 3473 Messias
724 3390 903 3494 regnum)

79 3516 290 3592 ‘fimulaesis
315 3513 380 3593 illis
407 3515 572 3608 gentium
589 3509 626 3600 b)
659 3524 697 3583 Os
716 3521 848 3600 hubent²
873 3530 904 3580 ec

101 3643 267 3722 loquentur
291 3652 345 3708 etc.
372 3652 584 3725 orantesque
608 3630 786 3708 ardenterz
816 3636 904 3702 Simi-

88 3758 155 3820 ills's
179 3756 287 3835 finnt,
324 3760 378 3838 qui
400 3757 530 3832 fuciunt
559 3775 618 3832 ea,
657 3768 687 3816 et
719 3773 819 3815 omnes
847 3758 902 3837 qui

78 3874 177 3938 fidunt
195 3876 227 3934 in
250 3876 302 3967 es’s.
347 3863 520 3935 Velamen
540 3890 627 3935 vero
647 3889 725 3935 cum
745 3868 899 3962 positum

78 4021 87 4089 >
112 4015 179 4086 Epu.
203 4013 246 4070 II.
270 4029 295 4080 ς.
391 4015 421 4089 b)
444 4015 537 4076 l'selm.
567 4011 670 4072 CXIII·
694 4027 719 4082 5.
