2460 4560
433 351 662 378 -e-——-
821 341 984 413 ,egr

112 465 170 544 eni
196 464 313 562 gravis
340 470 459 540 alveus
494 474 700 565 corruptelae
734 470 912 544 videretur
933 473 984 544 in·
1010 452 1123 535 cmiv

110 586 216 680 signe
250 580 421 680 praeferre.
492 586 628 657 Maluit
658 567 772 658 antem
803 588 983 660 Dominus
1038 578 1098 644 lx,

66 796 68 801 Δ
111 702 252 795 aliquos
278 701 322 771 de
349 702 413 772 suo
442 721 542 785 ortu,
570 727 674 795 quam
704 704 748 774 de
773 705 890 776 matris
921 733 985 800 pu·
1002 704 1143 765 “W

66 822 69 827 ’
112 819 204 889 dore
232 817 438 888 dubitare.“
497 816 642 888 Factum
673 819 808 890 hocin
843 845 985 916 poenam
1031 902 1042 914 ,

111 933 184 1004 iam
204 915 510 1027 reprobandorum
533 933 755 1012 Judaeornm,
776 936 895 1031 obque
917 965 987 1011 ma.-

112 1049 222 1120 litiam
243 1069 277 1131 et
290 1049 548 1144 perversitatem
569 1052 782 1137 eorundem,
803 1079 847 1127 ne
861 1057 987 1131 calum,

112 1165 239 1240 niandi
263 1185 408 1240 matrem
435 1185 469 1235 et
494 1167 762 1260 blasphemandi
785 1169 895 1239 filium
918 1197 987 1242 ma,-

112 1282 237 1357 teriam
258 1281 444 1366 haberent,
466 1309 656 1378 ausamque
676 1285 875 1379 arriperent.
910 1271 986 1356 Ad.

114 1398 168 1469 dit
188 1397 219 1468 S.
235 1396 446 1469 Ambrosius
464 1398 645 1472 Herodem
660 1406 842 1473 aemulum:
862 1401 986 1494 „Quid
1095 1463 1103 1484 .

114 1534 253 1599 autern,
273 1511 461 1609 inquito),
480 1515 624 1602 Judaeis,
647 1517 731 1611 quid
749 1518 886 1593 Herodi
905 1545 985 1614 pos·

113 1652 168 1703 set
188 1631 358 1716 adscribi,
381 1630 407 1702 si
431 1651 550 1702 natum
569 1633 771 1702 viderentur
792 1659 837 1704 ex
856 1635 987 1706 adulte,

112 1747 169 1819 rio
191 1748 366 1843 persecuti
377 1749 418 1819 ?“
441 1746 568 1817 Omnis
587 1748 669 1816 hino
685 1747 869 1832 causandi,
887 1749 989 1844 tergi·
1022 1795 1023 1798 =

112 1863 353 1958 versandiqne
379 1862 444 1933 illis
471 1863 560 1933 ratio
590 1862 782 1946 evanescit,
815 1863 874 1957 qni
907 1859 988 1935 oum

113 1978 247 2052 iudaeis
277 1980 456 2072 hodieque
480 1977 692 2049 vaticinium·
714 1979 810 2056 Isaiae
836 1976 874 2066 h)
900 1980 987 2059 nihil

114 2083 220 2193 pensi
249 2097 399 2180 habent,
434 2091 565 2166 etiamsi
595 2094 745 2190 abipso
774 2097 987 2191 evangelista

90 2214 283 2297 ‚Mathaeo
311 2212 347 2282 in
374 2211 612 2283 testimoninm
641 2215 789 2283 vocetur
816 2209 871 2302 c):
913 2224 987 2285 Eece
1034 2242 1036 2261 ⁸

114 2341 207 2414 virgo
231 2341 263 2398 in
286 2350 371 2399 utero
392 2340 556 2417 concipiet,
578 2351 608 2399 et
620 2339 727 2418 parnt
742 2335 863 2414 filium,
886 2351 916 2400 et
932 2359 988 2399 vo·

113 2455 239 2517 cabitur
256 2473 360 2517 nomen
378 2427 441 2527 riui
457 2454 622 2521 Emannel:
646 2455 729 2536 qnod
745 2467 791 2514 est
808 2458 988 2535 interpretcz-
1054 2459 1060 2466 “

92 2583 185 2644 ,tum
211 2570 369 2640 Nobiscum
390 2569 481 2631 Dens.
527 2546 615 2630 Non
638 2556 708 2630 stne
727 2584 828 2630 causa
847 2561 997 2639 additun·
1063 2535 1070 2553 ι

114 2678 213 2773 apud
229 2677 443 2750 Matthaeum
455 2675 614 2747 'nominis
629 2674 865 2771 interpretatio
880 2677 924 2763 ad
939 2677 988 2748 in·

115 2793 320 2897 nuendorp,
345 2795 390 2871 de
409 2820 445 2866 re
465 2791 540 2887 ipsa
562 2818 634 2862 rem
658 2818 750 2877 esse,
777 2818 850 2863 non
874 2794 917 2864 de
939 2793 989 2867 inq

115 2910 241 2988 dendo
260 2909 402 2988 nomine
416 2962 437 2996 ,‚
454 2911 536 2989 dnm
556 2907 687 2994 Judaei‚
715 2934 907 3003 eorumque
931 2937 988 3005 pan.
1007 2956 1015 2971 ι

116 3025 213 3098 troni
233 3025 431 3098 desiderant
447 3026 484 3095 in
504 3025 647 3099 Christo
668 3051 800 3098 nomen
813 3025 987 3098 Emanuel

116 3143 311 3217 secundum
333 3162 468 3214 textum
490 3167 562 3237 quo
588 3141 728 3215 diciturr
766 3152 808 3213 Et
827 3152 990 3213 vocabitur
1034 3199 1038 3204 .

115 3288 226 3331 nomen
250 3272 316 3330 eius
340 3269 497 3333 Eororrrrel.
530 3255 600 3328 -At
624 3284 719 3331 vero,
738 3259 910 3327 Emanuel
932 3255 991 3325 hio

116 3375 274 3448 debebat
293 3401 367 3446 esse
386 3373 489 3445 Dens
508 3373 753 3456 absconditus,
771 3391 804 3442 et
822 3371 988 3454 Salvator,

113 3493 154 3564 id
170 3513 223 3564 est
239 3493 354 3578 JeSUS,
379 3492 478 3586 quod
495 3509 660 3562 vocatum
682 3509 733 3570 est
753 3480 884 3567 nomen
904 3483 1007 3572 eius,-

115 3632 286 3702 anteqnom
311 3621 344 3679 r'n
367 3631 452 3687 utero
475 3614 718 3705 corrcr'peretar.'v

158 3799 190 3875 a)
211 3799 268 3856 tn.
296 3799 332 3859 11.
357 3802 386 3852 in
406 3799 469 3854 Luc.
492 3819 516 3855 n.
543 3815 568 3856 2.
596 3799 624 3853 T.
652 3799 673 3862 1.
694 3812 719 3868 p.
747 3808 823 3870 rant.

200 3883 230 3957 1)
252 3883 316 3944 lsai.
344 3883 409 3945 1²11.
433 3897 474 3953 ¹4·
559 3884 587 3958 c)
610 3882 707 3942 Marta.
732 3883 754 3942 1.
780 3895 823 3951 23.
