2460 4560
905 390 977 463 235

89 538 208 610 potens
234 535 303 589 est.-
341 498 510 611 quoniam
531 533 651 607 omnis,
677 532 787 613 quise
812 531 977 608 humiliot,
1004 519 1117 582 CAPUT

96 648 306 709 exaltabitur.
355 626 533 731 Respexit
559 635 662 716 Deus
688 637 725 707 in
749 639 978 710 humilitatem
1019 637 1097 692 VIII·

95 753 216 824 beatae
249 750 404 838 Mariae,
435 773 627 848 propterea
652 754 735 826 fecit
760 752 809 827 illi
830 754 1135 849 magtta‚⁹W
1218 751 1221 757 ’

95 882 155 960 qui
171 891 369 959 potensest,
390 878 580 956 etsancrum
600 898 705 941 nomen
728 883 801 942 eius.
839 881 881 942 Et
900 883 986 943 mise·

94 994 241 1055 ricordio
266 997 332 1056 eius
356 997 389 1064 in
412 999 621 1071 generationes
640 991 912 1083 generationuor.“

287 1369 325 1456 C
352 1370 391 1456 A
419 1369 450 1455 Ρ
480 1370 520 1465 U
548 1371 595 1469 T
651 1371 802 1459 Vlll.

99 1566 360 1641 cums‘rus
396 1522 679 1642 euomtssus
716 1571 982 1647 mttussus.

98 1746 178 1829 Hic
208 1749 276 1824 erit
303 1771 481 1846 magnus,
513 1764 548 1830 et
577 1748 685 1835 Filius
716 1748 887 1826 Altissimi
918 1775 982 1827 vo-

162 1877 315 1952 cabitur.
385 1874 431 1950 Et
468 1871 566 1955 dulit
598 1876 650 1959 illi
682 1875 856 1955 Dominus
888 1877 983 1969 Deus

151 2001 275 2102 sedem
306 2003 432 2079 David
458 1984 576 2100 potrir
616 2008 711 2080 eius:
754 2015 788 2080 et
819 2005 984 2102 regnabit

162 2135 206 2208 in
237 2131 336 2207 domo
366 2130 484 2225 t[orob
518 2135 557 2216 in
586 2145 782 2222 eternum,
821 2147 855 2210 et
878 2139 983 2232 regni
1081 2126 1088 2137 ’

165 2263 239 2338 eius
268 2283 337 2336 non
359 2263 430 2336 erit
445 2260 542 2357 finis.
605 2261 692 2340 Luc.
726 2262 751 2340 l.
786 2281 845 2354 32.
957 2315 960 2319 ι

103 2551 208 2712 Ad
237 2635 367 2690 tantam
393 2615 521 2688 familia
554 2642 595 2700 ac
619 2617 747 2700 domus
773 2615 896 2690 David
924 2618 1142 2707 0b ssxtemtne

106 2733 312 2809 scuritatem
348 2735 652 2827 humilitatemque
692 2734 833 2813 redacta
872 2735 1101 2807 tueratlbrahae

105 2871 195 2952 post
214 2851 363 2922 reditum
384 2877 429 2921 ex
448 2848 652 2947 captivitate
679 2849 917 2947 Babylonica,
948 2827 1110 2966 „tornigus

107 2987 199 3067 post
217 2967 497 3053 Zotobabelem‚
520 2967 564 3044 de
585 2992 658 3062 quo
679 2988 811 3041 certum
832 2965 905 3039 tion
924 2991 985 3055 est,
995 2983 1088 3038 David.
1189 2996 1191 3001 ·

108 3111 196 3159 eum
224 3110 269 3156 ex
293 3109 335 3155 ea
357 3084 460 3179 stirpe
486 3083 611 3175 luisse,
639 3088 735 3156 nulla
758 3083 848 3156 illius
874 3085 912 3164 in
937 3111 986 3156 te-

108 3203 247 3300 gimine
266 3200 375 3272 tribus
398 3199 496 3283 Judae
522 3200 612 3282 ratio
633 3202 752 3275 habita
769 3203 876 3273 fuisse
897 3206 990 3297 lega·

109 3339 181 3392 tur.
256 3317 445 3413 Quidquid
476 3316 605 3388 residui
641 3316 706 3387 luit
738 3317 921 3412 potestatis
951 3317 988 3388 in

107 3436 209 3510 tribu
239 3434 352 3520 luda,
387 3459 497 3530 penes
533 3434 731 3505 sacerdotes
766 3451 862 3503 erat:
903 3433 995 3505 dum·

77 3598 82 3609 ·
110 3553 218 3626 etiam
243 3569 368 3646 postea
393 3550 458 3622 sub
490 3548 632 3620 Simone
658 3548 903 3634 MachabaeO,
940 3559 991 3620 ab·

109 3682 215 3744 lotum
239 3691 285 3741 est
308 3681 413 3753 iugum
436 3679 574 3752 gentium
600 3676 640 3737 ob
668 3675 784 3752 Israel,
822 3684 862 3736 ut
887 3665 991 3739 habe·

110 3809 171 3861 tur
209 3784 385 3858 Mochab.
417 3783 519 3854 XIII.
557 3806 618 3870 41·
653 3783 900 3877 firmatumque
939 3805 991 3858 est

108 3903 197 3979 huic
217 3901 353 3974 familiae
373 3900 552 3995 regimem
573 3926 638 3973 nec
656 3899 824 3982 memoria
845 3901 989 3998 quidem

108 4020 227 4117 stirpis
252 4017 376 4092 David
395 4019 567 4114 superstes
588 4017 727 4093 videtur
742 4043 850 4115 posse
869 4017 988 4112 colligi
