2460 4560
261 323 334 398 206
579 314 809 397 Ξ
865 321 871 333 ’

112 463 228 525 CAPUT>
260 463 450 546 nascereris
481 475 526 544 ex
558 464 683 559 De0,
704 495 740 547 et
771 472 911 546 diceres
947 476 1030 550 tibi:
1065 505 1120 552 uon

145 582 197 639 lll.

258 593 330 663 stne
356 618 459 664 causa
489 590 592 662 Deus
625 590 720 661 nasci
743 616 789 661 ex
818 591 969 666 homine
1004 597 1122 682 voluit,

38 778 56 787 ,,
100 695 322 779 ψηίεὶ
345 709 427 802 quia
454 706 597 779 alicuius
619 706 790 777 momenti
817 734 874 779 me
898 710 1121 800 existimavit,

256 844 297 895 ut
312 825 546 897 immortalem
568 849 627 897 me
641 827 795 910 laceret,
819 845 854 897 et
880 830 955 922 pro*
972 856 1032 902 me
1048 856 1123 902 mor·

256 942 367 1015 taliter
390 944 603 1014 riasceretur'i
653 930 762 1027 Ideo,
790 967 873 1013 cum
902 945 1069 1034 dixisset,
1092 974 1120 1019 er

250 1069 323 1129 -Deo
341 1073 418 1135 ¹nuti
431 1068 536 1144 suari
562 1057 673 1152 quasi.
691 1084 735 1128 ue
759 1059 1002 1150 miraremur,
1022 1085 1056 1136 et
1077 1088 1119 1134 ex·
1155 1006 1159 1125 i

256 1177 540 1247 horresceremus
577 1190 710 1245 tantam
741 1176 888 1269 gratiam
907 1220 928 1265 ,ν
958 1201 999 1252 ut
1035 1180 1121 1252 nobis
1155 1158 1159 1311 Ι

145 1376 148 1383 Ι
252 1292 461 1365 incredibile
477 1292 673 1378 videretur,
695 1294 777 1385 quia
796 1293 968 1368 homines
988 1323 1033 1368 ex
1050 1296 1119 1368 Deo
1156 1324 1159 1373 2

253 1410 325 1481 nati
351 1413 447 1496 sunt,
476 1409 575 1504 quasi
598 1408 760 1480 securum
786 1429 820 1481 te
846 1411 984 1484 faciens
1010 1415 1074 1484 ait:
1097 1433 1119 1483 et
1157 1432 1159 1505 ᾗ

258 1537 387 1599 Verbum·
409 1549 481 1596 curo
496 1535 713 1614 factumest,
741 1548 772 1596 et
791 1537 1017 1601 habitavit-in
1040 1539 1118 1600 nobis.
1157 1534 1159 1540 ’

254 1643 355 1735 Quid
379 1668 465 1737 ergo
491 1641 648 1728 miraris,
674 1643 756 1737 quia
784 1636 953 1718 homines
982 1673 1027 1719 ex
1048 1647 1117 1717 Deo

182 1851 183 1854 Ἴ
252 1761 472 1832 nascuntur?
486 1747 646 1832 Atteude
656 1759 775 1854 ipsum
789 1758 1118 1834 Dominum'Deum

169 1856 191 1953 ⁴,
251 1897 373 1949 natum
402 1903 448 1948 ex
476 1868 732 1961 huminibus‚“
769 1876 818 1948 Et
846 1877 1015 1951 Verbum
1050 1905 1118 1952 caro

99 3290 187 3366 Quare
234 3296 237 3300 ⁴

97 3401 158 3439 caro

98 3466 198 3521 factum

96 3633 202 3694 dicitur.

248 1997 379 2083 laetum
403 2013 480 2079 est,
519 2012 554 2065 et·
584 1993 755 2066 habitavit
779 1993 817 2063 iu·
851 1995 974 2068 nobis·
1048 1996 1077 2069 S.
1096 1995 1118 2067 J.

250 2111 528 2203 Chrysostomus
555 2123 679 2182 monet
697 2105 758 2200 l),
784 2130 824 2182 ut
848 2112 926 2184 haec
948 2115 1119 2186 audientes

250 2225 409 2296 animum
445 2227 640 2326 erigamus,
679 2227 766 2298 illud
803 2219 961 2301 maxime
995 2230 1118 2315 mirati,

245 2344 346 2437 quod
372 2341 547 2454 genuinus
582 2342 692 2415 Filius
723 2341 797 2414 Dei
835 2345 907 2416 siue
949 2348 1117 2444 principio

249 2458 451 2544 existentis,
477 2486 513 2530 se
540 2459 651 2531 filium
679 2450 832 2532 hominis
857 2463 984 2536 audire
1007 2489 1115 2560 passus

216 2577 485 2661 .l1t‚utnos
522 2579 651 2649 laceret
682 2577 774 2649 filios
806 2567 890 2649 Dei.
960 2582 1114 2676 „Neque

246 2693 364 2779 enim,
393 2692 530 2789 inquit,
555 2696 684 2766 frustra
710 2714 745 2766 et
769 2694 947 2767 incassum
976 2699 1111 2795 seipsum

244 2810 294 2881 ita
318 2809 555 2897 humiliasset,
582 2802 648 2883 nisi
678 2838 745 2883 nos
777 2815 995 2887 exaltaturus
1024 2824 1159 2886 esset!

244 2905 361 2997 Natus
390 2949 441 2998 est
467 2928 559 2998 enim
589 2920 784 2999 secundum
815 2955 989 3020 carnem,
1019 2952 1057 3004 ut
1080 2949 1110 3002 tu
1157 2978 1159 3019 :

244 3043 435 3114 nascereris
459 3045 652 3115 secundum
677 3045 774 3141 spirit
776 3047 881 3117 um.“

321 3266 409 3350 Non
443 3265 533 3350 dixit
565 3268 793 3375 Evangelista
826 3269 978 3354 verbum
1012 3280 1112 3357 homi·

246 3405 328 3468 nem
356 3419 431 3466 esse
452 3397 600 3482 lactum,
627 3398 688 3469 led
712 3421 873 3485 carnem,
899 3425 979 3494 quae
1001 3421 1052 3472 est
1070 3398 1111 3472 vi·

97 3548 214 3605 verbum
246 3515 333 3601 lior,-
360 3504 520 3598 infirma,
544 3526 579 3585 et
594 3508 738 3586 humilis
757 3515 870 3586 nostri
892 3542 995 3611 pars,
1017 3538 1109 3612 atque

243 3629 281 3699 in
293 3621 416 3701 nobis·
442 3629 632 3727 peccatrixr
694 3631 855 3702 Verbum
883 3633 1077 3707 divinum
1068 3658 1110 3704 ru·

242 3746 425 3819 firmitates
456 3750 527 3821 fine
558 3751 706 3845 peccatu
737 3749 774 3819 in
805 3746 843 3820 se
872 3750 1050 3847 suscepit,
1081 3765 1108 3819 et
1157 3762 1159 3767 '

242 3863 429 3934 nobiseum
459 3866 496 3935 in
529 3892 632 3938 carne
663 3866 818 3939 abiectus
832 3914 845 3954 ,-
882 3884 917 3939 et
951 3868 1108 3968 humiIiS,
1157 3924 1159 3945 .

280 4014 312 4089 ὅ)
334 4011 409 4074 llam.
435 4013 475 4077 H.
499 4018 530 4071 r'r'
548 4018 637 4075 Mart.
658 4037 686 4080 n.-
710 4035 737 4079 2.
764 4017 795 4080 T.
825 4017 892 4081 VH·
913 4031 942 4089 Ρ.
967 4036 1013 4082 21·
