2460 4560
1043 358 1091 424 57
1150 360 1206 399 *³

78 432 191 673 kuni
217 481 323 561 fidem
350 504 442 576 aqua
468 479 505 555 in
535 479 660 554 vinum
686 498 821 554 mutata
852 481 1003 557 firmavit
1028 482 1091 575 a):

78 682 80 687 Ι
159 607 245 688 fecit
274 610 398 670 initium
413 603 570 684 signorum
600 607 690 676 Jesus
718 611 752 668 in
779 609 862 668 Cana
892 610 1034 680 Golilaeae:
1060 625 1092 674 et

78 699 289 805 ¹lrzrrr'sestuvit
305 725 438 799 gloriam
453 722 572 800 snam,
600 734 631 785 et
656 720 847 785 tradiderunt
866 727 900 784 in
919 743 987 798 tum
1004 727 1103 788 discis·-

78 841 137 914 pati
161 820 237 903 ciris.
290 829 409 901 Palam
427 829 511 906 hinc
536 828 594 914 fit,
622 848 809 923 antequam
825 834 942 916 ullum
969 830 1094 904 edidis,

78 965 124 1027 tet
144 947 377 1032 miraculum,
419 941 600 1021 Christum
628 945 819 1041 discipulos
845 974 1120 1043 congregasseg

78 1058 202 1158 Arguit
234 1087 323 1134 vero
353 1063 386 1138 S.
417 1061 660 1157 Hieronymus
687 1061 725 1131 in
753 1087 831 1158 cap.
852 1089 893 1156 9.
923 1062 1106 1140 Matthaei-
1175 1150 1178 1156 ,

78 1171 311 1275 Porphyrium
351 1197 386 1248 et
418 1177 593 1253 Julianum
629 1195 823 1280 apostatam
867 1180 1093 1269 dictitantes,

78 1292 175 1391 quasi.
189 1294 471 1374 irrationabiliter
490 1294 686 1388 quemlibet
701 1316 888 1370 vocantem
910 1298 1092 1372 hominem

78 1410 138 1491 sint
168 1411 277 1488 secuti
299 1411 460 1508 apostoli.
524 1411 602 1487 Etsi
630 1437 717 1483 vero
749 1412 780 1484 S.
812 1411 956 1486 Doctor
988 1417 1092 1489 etiam
1176 1481 1179 1486 ,

78 1530 120 1607 ad
147 1529 317 1600 miracula
349 1528 393 1599 ab
425 1527 596 1622 apostolis
629 1527 705 1606 visa
740 1550 935 1624 provocet,
973 1532 1093 1605 subdit
1120 1583 1122 1587 -

78 1663 210 1730 umen,
230 1645 327 1739 quod
348 1643 497 1739 perinde
515 1644 559 1729 ad
583 1643 740 1716 divinam
757 1645 942 1741 Evangelii
961 1647 1108 1720 Christi-

78 1759 186 1840 Verbi
211 1761 381 1844 incarnati
407 1757 637 1836 oeeonomiam
657 1761 756 1834 facit:
789 1773 871 1833 Certe
881 1768 991 1847 fulgor
1010 1775 1092 1852 ipse,

78 1866 107 1951 tts
127 1891 273 1953 maiestas
302 1888 482 1957 diuinitatis
511 1885 653 1962 occulta,
690 1903 753 1966 qua
780 1889 874 1946 etiam
902 1889 934 1946 in
957 1886 1094 1950 humano

78 2005 150 2076 facie
171 2004 340 2080 relucebat,
369 2003 536 2100 exprimo
554 2003 597 2076 ad
620 2019 652 2071 st
671 2003 809 2067 uidentes
830 2002 949 2070 tradere
968 2016 1092 2083 poterat

78 2133 206 2203 aspectu,

146 2346 339 2442 Singularis
368 2347 533 2442 equidem
561 2365 634 2418 erat
658 2348 734 2419 haee
761 2345 882 2419 divina
906 2343 1094 2442 Evangelii

78 2462 228 2550 Christi,
257 2464 472 2549 (acerrumis,
500 2484 540 2535 ut
562 2462 736 2537 miraculis
760 2463 996 2534 manifestaret
1017 2467 1092 2558 glo·

78 2578 154 2697 pam
178 2581 295 2665 suam,
321 2581 592 2674 ostenderetque
614 2605 634 2653 a
657 2578 787 2653 coelesti
811 2579 912 2651 Patre
931 2580 994 2661 suo
1016 2580 1104 2696 “¹³⁵7

78 2695 233 2780 sionem,
262 2720 367 2789 quam
378 2698 506 2791 eoepit,
532 2722 612 2770 cum
635 2721 751 2790 prope
774 2715 864 2767 esset
886 2696 1016 2791 pascha
1038 2695 1109 2769 Ju··

78 2811 231 2889 datorum
258 2838 334 2887 non
359 2813 475 2885 multis
505 2832 589 2907 post
618 2813 765 2898 diebus,
807 2838 886 2885 eum
920 2837 964 2882 ex
991 2811 1094 2885 Cana

78 2927 341 3006 descendissent
370 2927 619 3023 Capharnaum
643 2914 718 3023 ipse
746 2946 781 3002 et
806 2948 915 3000 mater
940 2928 1013 3004 eius
1034 2906 1092 3023 bs,

78 3064 107 3118 et
124 3047 246 3122 iratres
272 3044 364 3131 eius,
388 3044 606 3141 et-discipuli
627 3045 719 3131 eius,
745 3071 825 3120 cum
846 3044 973 3139 quibus
993 3043 1094 3137 quasi

77 3157 108 3232 in
132 3160 303 3233 comitatu
327 3159 425 3255 regio
449 3186 494 3231 ex
518 3161 623 3256 stirpe
643 3161 765 3238 David
786 3161 823 3237 in
845 3160 974 3254 regiam
996 3161 1094 3232 suam

78 3278 232 3352 ascendit
257 3277 531 3373 ierosolymam,
558 3302 636 3370 quae
654 3277 762 3371 ipsius
785 3276 889 3346 effato
912 3287 1094 3383 estlcivitas

78 3407 176 3482 magni
199 3405 278 3479 regis
306 3390 361 3484 c),
387 3392 536 3469 Messiae
564 3391 747 3480 nimirum,
771 3392 835 3466 ubi
853 3390 1009 3485 accipere
1032 3392 1111 3465 fibi

78 3538 241 3609 regnum,
278 3531 314 3582 et
340 3511 470 3584 reverti
496 3511 711 3595 advenerat,
746 3533 837 3602 opus
865 3508 1092 3591 redemtionis

78 3648 203 3709 nostrae
227 3647 545 3702 consummaturus,
587 3624 680 3696 Cum
705 3623 859 3718 primum
879 3623 961 3699 illuc
982 3628 1091 3714 venit,

78 3747 250 3843 [agressus
285 3747 456 3839 templum
488 3731 645 3821 domum
672 3740 783 3814 Patris
818 3740 892 3828 sui,
931 3744 1093 3839 summa,

78 3865 150 3961 quis
177 3883 288 3948 esset,
315 3887 403 3942 mox
430 3862 648 3941 demonstrat
673 3878 872 3957 potestate,·
900 3860 984 3932 dum
1013 3862 1093 3945 „in-

110 4012 340 4089 a)J0.ll.11.
426 4011 517 4083 oli.
541 4028 583 4074 ιε.
667 4012 696 4088 c)
719 4012 819 4070 Μανῆ).
848 4009 949 4084 {dap
