2460 4560
500 308 734 372 m
1062 310 1127 419 ⁴95'

95 468 162 545 ribi
176 468 259 543 hoc.
290 451 364 562 Qui
383 487 577 540 conversus
591 525 600 554 ‚
615 467 841 544 dixitPetrot
861 468 965 544 Vade
977 494 1057 568 post
1070 503 1129 550 mo

98 586 249 671 Satana,
283 586 486 657 scandalum
516 611 553 657 es
583 584 692 655 mihi:
734 587 815 681 quia
844 614 919 659 non
950 590 1038 684 sapis
1066 619 1127 680 ea,

100 729 176 800 quae
208 702 285 774 Dei
315 704 416 789 sunt,
456 704 517 778 sed
548 728 611 788 ea,
652 726 730 796 quae
756 704 956 795 hominum.
1017 706 1128 781 Tune

63 822 71 830 ”
100 820 197 893 Jesus
218 818 316 899 ‚dixit
343 818 521 916 discipulis
549 819 646 890 suis:
682 818 711 890 si
740 819 818 914 quis
848 824 927 894 vult
961 841 1044 917 post
1069 851 1128 898 me

101 937 239 1024 venire,
260 935 416 1031 abneget
431 934 673 1030 semetipsum,
691 954 726 1008 et
744 939 844 1008 tollat
861 963 1001 1011 crucem
1019 942 1129 1030 suam,

62 1080 69 1095 =
99 1051 132 1126 'et
154 1055 323 1148 sequatur
346 1077 413 1125 me.
466 1051 541 1145 Qui
563 1051 656 1122 enim
677 1052 832 1125 voluerit
851 1053 1002 1126 animam
1027 1058 1127 1132 suam

100 1171 228 1244 salvam
254 1170 390 1256 facere,
418 1170 544 1266 perdet
568 1192 667 1240 eam:
690 1169 768 1264 qui
792 1190 909 1242 auteur
933 1172 1128 1267 perdiderit

91 1286 252 1389 {animam
277 1287 374 1358 suam
400 1304 547 1383 propter
570 1311 649 1374 me,
685 1286 845 1359 inveniet
873 1314 960 1363 eam.
1025 1291 1127 1385 Quid

100 1425 216 1478 autem
253 1404 403 1500 prodest
439 1402 603 1490 homini,
645 1402 674 1474 si
707 1403 882 1478 mundum
920 1405 1127 1482 universum

98 1524 274 1608 lucretur,
301 1519 425 1592 animae
448 1547 539 1592 vero
563 1522 632 1592 fure
659 1521 908 1620 detrimentum
933 1524 1126 1625 patiatur?
1175 1583 1194 1602 .

97 1637 175 1712 Aut
196 1664 304 1733 quam
329 1637 427 1709 dabit
445 1637 556 1710 homo
578 1637 894 1710 commutationem
919 1665 985 1734 pro
1008 1642 1127 1715 anima

98 1756 186 1828 fua?
230 1752 340 1826 Filius
367 1753 460 1825 euim
478 1753 647 1824 -hominis
677 1774 849 1826 venturus
873 1757 987 1826 estin
1013 1759 1128 1852 gloria

98 1871 210 1945 Patris
222 1871 370 1944 [uirum
385 1869 518 1965 angelis
532 1869 619 1958 suis,
642 1888 678 1940 et
691 1888 776 1940 tunc
792 1870 919 1941 reddet
935 1871 1126 1968 unicuique

96 1989 292 2062 secundum
315 2013 429 2084 opera
453 1985 572 2058 eiust“
622 1986 711 2057 Haec
736 1985 900 2058 Christus
918 1988 980 2061 sex
999 1989 1127 2083 diebus

95 2128 289 2201 antequam
312 2104 351 2196 o)
381 2103 600 2200 „assumpsit
622 2103 787 2191 Petrum,
801 2089 985 2177 ottobon
1013 2126 1048 2179 et
1068 2107 1127 2183 Jo-

92 2246 229 2294 annem
260 2223 402 2294 fratrem
433 2221 530 2307 eius,
569 2239 603 2292 et
639 2221 741 2293 duxit
782 2221 861 2292 illos
895 2221 932 2292 in
963 2244 1125 2301 montem

96 2341 283 2410 excelsum
307 2340 486 2424 seorsum,
514 2355 549 2408 et
568 2338 838 2434 transfiguratus
865 2359 917 2411 est
941 2361 1022 2412 ante
1051 2368 1127 2417 eos.

96 2454 145 2526 Et
179 2454 402 2550 resplenduit
434 2454 542 2527 facies
582 2453 655 2527 eius
685 2456 874 2527 ficutsol:
915 2457 1127 2534 vestimenta

96 2592 217 2644 autem
253 2570 327 2643 eius
358 2573 450 2643 facta
482 2564 562 2642 sunt
595 2570 676 2642 alba
708 2571 794 2641 ficut
827 2571 900 2644 nix.
963 2574 1012 2645 Et
1045 2598 1128 2648 ecce

96 2706 340 2785 apparuerunt
359 2686 424 2758 illis
448 2687 623 2782 Moyses,
652 2706 687 2757 et
711 2686 1017 2783 Eliasloquentes
1045 2717 1128 2777 cum

96 2804 226 2880 Jesu.“
258 2803 400 2876 <Petrus
430 2803 574 2899 quidem
598 2803 744 2877 volebat
770 2817 1027 2899 nescienshquid
1048 2819 1129 2882 dice-
1198 2826 1201 2833 ’

97 2944 164 3008 ret,
200 2919 251 2991 ibi
280 2920 507 2994 tabernacula
534 2920 676 3006 facere;
714 2946 821 3015 quem
853 2946 941 2994 vero
971 2925 1129 2998 maxime
1208 2913 1212 2920 ⁵

100 3037 319 3126 attinebant,
341 3063 420 3133 quae
442 3036 728 3134 priuschristus
746 3058 934 3111 monuerat
952 3040 996 3111 de
1019 3065 1128 3122 cruce

98 3175 185 3251 post
222 3139 259 3226 se
293 3154 478 3241 tollenda,
519 3172 645 3250 utpote
681 3154 743 3249 qui
775 3156 926 3246 eadem,
954 3181 1024 3252 qua
1043 3155 1127 3246 ille,

99 3292 216 3352 morte
244 3291 336 3345 esset
361 3268 486 3344 Deum
513 3264 794 3344 clarificaturus(

143 3489 174 3567 rt)
202 3488 305 3554 Motth.
337 3485 437 3555 XVII.

350 3766 864 3805 m
501 3768 504 3772 “
673 3765 676 3769 ’
867 3784 875 3792 .
