2460 4560
367 339 600 375 “““““““
852 361 923 431 339

38 510 72 566 ei
98 498 261 562 brachium
286 493 414 560 Domini
443 497 494 560 cui
519 497 690 561 revelatum
719 497 794 561 est?
829 499 925 581 Prop·
951 485 1066 548 Cam

39 630 130 681 terea
160 635 221 678 non
243 625 395 698 poterant
426 615 564 691 credere,
590 617 672 697 quio
701 616 814 678 iterum
843 617 929 678 dixit
959 606 1063 668 XXIV·

38 735 169 798 lsaios:
201 731 380 795 Excaecooit
408 731 512 793 oculos
543 748 667 810 eorum,
703 743 734 795 ei
764 723 1083 796 induravicVW

38 870 94 914 cor
108 869 233 914 eorum:
260 861 298 913 ut
321 868 381 912 noo
400 847 529 910 videam
545 849 659 925 oculis,
685 858 716 910 et
736 867 796 911 non
816 849 928 912 inteili-

35 980 119 1046 gom
138 968 245 1044 oorde,
266 977 298 1029 ei
318 962 565 1043 comertmtur,‘
584 963 735 1043 oisonem
757 984 816 1028 eos.
856 967 925 1028 Hoc

38 1085 130 1148 dixit
153 1083 273 1160 isaias,¹
292 1082 416 1166 quondo
434 1082 520 1144 vidit
538 1082 672 1158 gloriam
686 1083 769 1159 cius,
791 1093 821 1144 ct
844 1083 925 1144 Ioco·

39 1210 95 1265 ms
114 1209 162 1263 est
181 1200 219 1262 de
237 1217 284 1262 ιο.-
354 1188 450 1262 lsaiae
474 1188 540 1260 VL-
563 1187 753 1275 nimirum,
791 1187 855 1260 ubi
878 1190 925 1260 ad

38 1307 154 1381 finem
172 1305 347 1403 dispersio
360 1305 476 1402 gentis'
497 1290 715 1403 praedicitur,
732 1325 816 1402 post
829 1331 927 1379 ever·

39 1423 182 1498 sionem
202 1423 334 1497 scilicet
360 1422 456 1496 urbis
473 1442 508 1495 et
529 1421 669 1520 templi,·
691 1442 835 1520 utpote,
862 1422 928 1518 qui

38 1538 81 1613 in
99 1530 274 1616 oru'cifixo
294 1540 440 1615 Christo'
461 1536 634 1637 templum
651 1538 727 1613 Dei
745 1537 932 1616 solverint:

179 1890 524 2006 ,cM-UT
578 1890 753 1995 Xxlv'.⁸

41 2082 339 2186 BAPTssmus
381 2088 514 2215 Noyi
555 2089 925 2183 TESTAMENTI.-

41 2298 190 2383 Amen,
220 2304 327 2374 amen'
356 2281 441 2373 dico
463 2282 556 2383 tibi,-
584 2282 659 2373 nioi'
679 2282 757 2393 quis
778 2300 923 2374 r'enotm'

91 2421 216 2526 suerii
247 2431 294 2500 ex'
321 2446 413 2522 aquo
441 2434 476 2500 et
507 2423 647 2521 Spiritu
666 2421 814 2522 sancio,
850 2431 924 2500 non'

100 2554 218 2652 potesi
241 2552 396 2630 introire
421 2552 462 2627 in·
489 2557 640 2646 regnum·
666 2534 746 2632 Dei.
806 2538 925 2646 Quoi

100 2689 229 2760 natum
254 2692 374 2758 estex
397 2702 527 2767 carne,-
556 2687 642 2757 caro
662 2688 732 2757 estt'
762 2693 799 2756 et
821 2682 924 2783 quod
969 2712 982 2739 ·

100 2822 227 2888 natum
251 2820 374 2886 estex
397 2807 545 2910 spiritu,
573 2806 712 2933 spiritus
742 2822 807 2887 est.·
862 2807 924 2912 Jo.·

106 2934 173 3018 111.
207 2955 239 3032 5
270 2932 307 3013 6.

246 3113 727 3139 a———u———ffl

45 3224 205 3376 Venit
240 3276 464 3367 Nicodemus
495 3277 664 3390 princeps
687 3293 1057 3401 ,Judaeommfflegnum

48 3433 88 3488 et
111 3412 278 3510 magister
305 3411 342 3483 in
372 3411 479 3484 Israel
509 3404 765 3483 ad'Christum
794 3416 1050 3499 nocte‚Me⁸si2·

47 3556 206 3628 eumque
222 3527 303 3630 fatis
322 3527 480 3602 officiose
498 3531 731 3626 compellasse
747 3529 810 3601 fibi
828 3531 927 3604 visus

44 3668 123 3725 est:
167 3657 286 3734 Roobi,
310 3645 451 3742 inquit,
466 3654 609 3734 scimus,
636 3657 714 3738 quia
738 3673 760 3717 o
784 3655 850 3719 Deo
876 3676 930 3720 oe·

42 3778 126 3842 misti
140 3777 308 3853 magister.-
326 3791 413 3835 mmo
430 3774 510 3835 enim
520 3785 626 3856 potest
640 3769 798 3849 izaecstgno
806 3773 927 3854 focem,

41 3910 114 3983 qua
141 3905 178 3959 tu
194 3891 305 3973 focis,
340 3888 521 3972 msisuoit
547 3890 630 3954 Deos
651 3907 720 3956 com
744 3908 789 3956 eo.
852 3882 929 3958 Jam

574 3994 655 4076 Yz
