2460 4560
170 333 218 403 62
546 294 800 353 i-'''''

251 479 388 550 Locum
420 471 476 550 hic
502 477 635 548 iterum
655 475 779 563 habet,
808 479 907 572 quod
934 481 1048 553 modo
1075 483 1118 565 de
1135 483 1180 556 Ju-

160 598 261 668 rdaeis
279 596 463 667 ⁴Christum
490 593 645 690 lapidare·
673 593 897 681 volentibus,
925 607 961 667 de
984 608 1181 688 blasphemia,

175 714 338 784 diximus.
392 707 504 804 Quod
535 702 668 804 agitant
698 733 843 796 omnes,
873 711 955 806 qui,
984 713 1070 785 dum
1095 714 1182 786 Chri.

172 809 266 904 stum
288 826 414 899 Filium
437 817 530 914 Dei,
568 844 674 922 quem
701 817 786 929 ipse·
803 848 840 898 se
867 823 1080 924 profitetur,
1119 857 1181 903 esse

163 966 321 1042 negant,
349 969 429 1015 curn
453 944 580 1016 Judaeis
603 924 865 1038 blasphemam,
894 945 1135 1041 blasphemum
1152 965 1182 1017 et
1206 987 1208 991 >

173 1064 404 1158 impostorem
423 1080 503 1132 cum
526 1056 703 1130 christiani
721 1060 874 1132 nominis
893 1059 1057 1135 hostibus
1078 1064 1183 1150 Celso,

171 1173 394 1274 PorphyriO,
418 1166 576 1260 iuliane),
601 1175 752 1262 caeteris,
772 1176 915 1249 faciunt.¹
969 1178 1085 1271 Quod
1110 1180 1183 1251 dum

110 1353 113 1361 .
169 1294 316 1390 quidem
340 1293 377 1364 in
408 1313 503 1364 tanta
536 1295 616 1364 luce
654 1292 896 1366 christianismi
929 1295 1049 1368 dicere
1081 1299 1184 1392 palam

171 1412 364 1485 abhorrent
384 1438 463 1482 cum
492 1401 686 1482 Socinianis
713 1409 839 1504 ingens
867 1408 975 1483 hodie
996 1411 1184 1484 incredulo·

151 1555 248 1599 ¹rum
281 1548 412 1613 turma,
452 1523 517 1613 fibi
547 1518 633 1622 ipsis
667 1526 763 1598 haud
797 1519 998 1599 constantes
1024 1529 1125 1615 sunt,
1158 1528 1183 1600 si
1225 1556 1228 1629 j

135 1738 137 1743 ,
164 1645 256 1740 ‚quid
284 1644 321 1715 in
346 1641 544 1738 Evangelio
575 1641 726 1728 Christi,-
766 1643 838 1715 eius
866 1636 1029 1716 doctrina
1055 1671 1185 1718 morum
1226 1662 1228 1683 ²

169 1789 199 1834 e.
228 1789 262 1858 g.
291 1786 396 1858 quam
427 1762 530 1856 supra
561 1777 650 1831 astra
682 1762 880 1845 extollunt,
906 1761 1124 1856 suspiciunt,
1148 1789 1184 1834 ac

154 1897 376 1976 'reverentur
407 1880 444 1948 in
478 1876 568 1948 Filio
604 1875 757 1947 hominis
790 1867 958 1962 Christ0,
995 1877 1064 1950 nisi
1095 1879 1184 1951 simul

61 1982 70 1991 ’
168 1994 390 2088 unigenitum
404 1993 531 2063 Filium
546 1977 619 2063 Dei
634 1993 886 2078 confiteantur3
905 1997 1046 2088 qualem
1062 2023 1182 2092 nempe

167 2136 213 2182 se·
229 2110 352 2180 Deum
374 2125 409 2179 et
427 2100 608 2182 hominem
628 2107 760 2201 ubique
782 2108 961 2195 exhibuit,¹
988 2128 1030 2183 ac·
1050 2112 1187 2203 demon·

167 2225 314 2309 stravit,
351 2245 431 2295 curn
461 2223 614 2324 primurn
646 2235 849 2313 coepit'Jesas
866 2235 976 2314 facere
1001 2249 1033 2299 et
1062 2241 1185 2315 docere,
1226 2234 1228 2247 '

167 2362 207 2415 ut
244 2341 407 2434 undique
440 2330 520 2410 cuin
552 2339 747 2413 humilitate
778 2341 995 2414 conditionis·
1028 2337 1183 2417 humana

166 2455 392 2554 resplendeat
444 2455 603 2526 maiestas
644 2456 763 2531 divina
801 2459 837 2544 ip
876 2451 1032 2531 Christo.
1121 2460 1186 2554 Qui

165 2561 256 2648 'dum
280 2600 300 2646 a
328 2599 365 2644 se
397 2566 484 2643 disci
518 2572 658 2659 voluit,
694 2587 770 2665 quia
794 2583 969 2662 mirissum
1009 2598 1040 2648 et
1071 2588 1186 2650 humilis

73 2777 77 2786 .
131 2697 281 2778 Xcornu,
319 2709 359 2761 ut
386 2690 520 2775 homo,
554 2689 653 2761 simul
682 2689 810 2786 passim
846 2710 881 2762 et
910 2691 1121 2786 ubique·s1c
1153 2719 1185 2766 se

166 2808 331 2894 exhibet,
368 2825 407 2879 ut
428 2806 495 2876 nisi
524 2805 621 2878 srmul
649 2825 739 2886 esset
766 2805 888 2893 Deus,
914 2809 1050 2882 falleret
1078 2836 1185 2884 exem·

164 2920 264 3026 plum
291 2925 407 3021 ipsum
431 2920 523 2994 mitis·
555 2943 589 2995 et
617 2923 756 2995 humilis
781 2923 911 3020 corde,
950 2927 1181 3023 proderetque

165 3071 204 3116 se
246 3070 285 3115 ac
328 3037 486 3134 undique
521 3039 784 3128 manifestaret,
831 3041 872 3112 srt
907 3041 1012 3116 venia
1051 3045 1178 3128 verbo,

51 3163 60 3171 ’
167 3159 369 3234 ostentatio

239 3395 294 3467 Ita
312 3383 405 3466 enim
431 3412 545 3466 totum
570 3412 777 3466 contextum
801 3413 852 3466 est
869 3393 1127 3489 Evangelium,
1148 3411 1184 3466 ut

166 3509 270 3584 Deus
291 3511 389 3583 simul
412 3531 446 3582 et
467 3512 578 3584 homo
601 3511 732 3606 ubique
755 3531 957 3606 compareat
973 3511 1082 3584 Filius
1102 3510 1182 3596 Dei,

163 3631 305 3722 qualem
336 3654 373 3699 se
401 3629 479 3723 ipse
505 3628 635 3724 passim
665 3628 841 3714 declarat,
874 3654 913 3700 ac
930 3628 1063 3700 haberi
1087 3631 1184 3713 vult,

165 3743 304 3816 adorari
334 3769 370 3813 se
410 3724 532 3840 passus
563 3747 609 3817 ab
642 3770 706 3831 eo,
747 3745 803 3817 cui
830 3771 924 3817 caeco
956 3765 1040 3818 nato
1067 3749 1182 3819 lumen

163 3859 333 3947 restituit,
356 3881 482 3954 petens
505 3862 552 3932 ab·
575 3889 638 3950 eo,
665 3882 704 3934 ut
725 3862 851 3935 Filium
871 3862 943 3936 Dei
960 3889 995 3934 se
1018 3873 1180 3961 agnosce·

164 3997 236 4050 ret:
268 3986 314 4048 Tu
336 3986 482 4050 arcasin
505 3987 621 4049 Filium
641 3984 726 4053 Dei?
755 3960 1008 4086 Rependitlille,
1034 4002 1067 4053 et
1082 3992 1179 4054 dixit:
