2460 4560
456 381 688 400 hin—*nd

1012 377 1083 444 127

51 502 141 577 Deo
159 500 243 600 ipso
260 497 354 573 dicta
370 502 554 596 leguntur,
575 494 635 594 qui
654 496 739 574 dum
757 500 927 599 permittit
945 504 981 575 in
995 531 1083 601 agro

53 620 160 694 huius
186 618 314 691 mundi
338 620 457 703 mala,
491 617 603 690 veluti
631 617 783 705 dormit;
821 640 856 692 at
884 647 972 693 vero
1000 648 1083 696 cum

55 736 255 812 dormirent
280 732 463 819 homines,
492 759 645 828 quorum
664 733 856 829 vigilantiae
875 738 1083 812 commissus

56 874 108 928 est
127 879 232 950 ager,
258 851 361 924 venit
375 850 556 936 inimicus,
584 869 620 920 et
638 849 931 946 superseminavit
950 854 1086 929 zizania

54 971 90 1042 in
110 970 236 1042 medio
265 967 386 1055 tritici,
414 967 513 1062 quod
541 985 593 1038 est
614 964 753 1040 bonum
771 971 907 1042 semen:
934 982 968 1042 ni
982 981 1083 1060 sunt,

54 1109 92 1161 ut
114 1085 290 1185 apostolis
313 1083 521 1181 parabolam
550 1081 706 1178 explicat
733 1085 895 1159 Christus
930 1085 998 1178 a),
1019 1097 1084 1175 filia·

54 1216 139 1290 regni
148 1245 161 1289 ‚-
184 1215 315 1274 zizania
335 1223 457 1287 autem,
473 1208 537 1286 filii
567 1221 623 1271 unt
639 1229 792 1293 nequam:
809 1215 951 1277 inimicus
967 1228 1084 1294 autern,

55 1333 108 1414 qui
118 1329 299 1411 seminavit
317 1346 372 1403 σας
400 1338 446 1389 est
470 1327 629 1388 diabolus:
652 1333 757 1390 mestis
774 1345 867 1408 vero,
894 1346 1085 1395 consummo·

56 1446 221 1528 tiosaeculi
246 1455 300 1508 est.
368 1433 511 1526 Quibus
538 1434 660 1530 paucis
688 1455 759 1507 tam
786 1437 981 1535 perspicuis
1006 1468 1083 1514 ver·

57 1538 112 1627 bis
135 1572 248 1626 totam
269 1540 409 1645 generis
429 1551 573 1623 humani
595 1572 681 1646 post
700 1554 840 1648 lapsum
867 1555 912 1626 ab
938 1556 1083 1631 interitu
1158 1643 1166 1654 ,

57 1805 91 1860 et
119 1785 210 1859 novi
241 1782 439 1857 testamenti
470 1785 633 1856 diffusam
664 1791 873 1883 complexus
903 1808 955 1860 est
982 1789 1084 1861 Chri-

55 1917 154 1991 stus,
183 1903 431 1975 decurrentem
456 1927 570 1995 usque
594 1903 639 1972 ad
661 1902 1002 1978 consummationem
1025 1907 1084 1978 sae-

58 2016 152 2106 culi,
190 2019 336 2115 quando
359 2014 397 2108 b)
428 2031 533 2089 mittet
560 2028 659 2089 Filius
682 2029 814 2092 hominis
839 2030 968 2107 urrgelor
977 2030 1084 2115 suos,
1125 2034 1133 2051 '

56 2158 87 2209 et
110 2146 252 2222 colligent
280 2145 317 2207 de
344 2146 443 2220 regno
465 2148 530 2207 eius
554 2149 659 2205 omnia
672 2143 850 2224 scandula,
877 2159 909 2210 ct
932 2167 1000 2227 eor,
1027 2153 1085 2233 ptri

50 2259 183 2342 faciunt
207 2262 429 2344 iniquitatem:
467 2273 498 2324 et
518 2264 643 2324 mittent
667 2279 717 2324 eos
746 2265 780 2325 in
808 2267 961 2326 caminum
990 2269 1095 2343 ignia·

57 2381 189 2468 sitierit
205 2383 302 2456 fletur
323 2391 354 2440 et
368 2375 486 2455 stridor
503 2377 648 2442 dentium.
714 2378 796 2442 Tunc
821 2384 898 2443 iusti
918 2380 1084 2461 fulgebunt
1150 2386 1152 2391 '

49 2492 134 2573 ficut
144 2494 203 2575 sol
223 2498 256 2557 in
278 2508 367 2571 regno
393 2495 499 2556 Putris
520 2514 632 2557 eorum.
684 2495 746 2578 Qui
768 2497 969 2560 hebetantes
995 2502 1089 2564 audi·.

56 2614 148 2690 endi,
170 2587 304 2690 audiat,
323 2599 532 2698 explicatam
552 2601 718 2672 nimirum
739 2620 809 2672 tam
828 2604 1021 2700 conspicue
1041 2631 1085 2678 ac
1156 2650 1160 2660 ι

56 2714 172 2794 veluti
191 2738 267 2790 uno
284 2717 414 2791 obtutu
434 2719 545 2790 oculis¹
568 2717 820 2790 obversantem
838 2739 948 2792 totam
965 2721 1084 2795 Evan-

56 2836 143 2933 gelii
163 2833 277 2906 Verbi
297 2835 468 2908 incarnati
493 2836 729 2907 oeconomiam
750 2837 850 2934 regni
871 2836 1087 2912 Christi.hic

59 2973 95 3025 et
118 2951 156 3024 in
183 2973 353 3027 aeternum
381 2980 462 3025 cum
489 2955 582 3026 sorte
606 2952 761 3024 filiorum
788 2953 907 3050 regni,
935 2968 971 3026 et
995 2953 1085 3027 lilio·

57 3094 139 3142 rum
172 3092 348 3167 nequam,
388 3071 425 3142 in
463 3071 635 3168 parabola
666 3070 712 3142 de
745 3071 875 3167 sagena
902 3069 1009 3142 missa
1042 3069 1084 3142 in

57 3211 158 3258 mare
181 3186 368 3284 perspicue
391 3188 530 3259 reddita
555 3183 610 3277 c),
641 3186 814 3283 adquam
839 3212 928 3263 vero
953 3185 1085 3261 sortem

56 3302 200 3376 beatam
229 3300 473 3376 illustrandam
496 3303 631 3375 faciunt
657 3306 831 3400 proximae
858 3304 956 3400 apud
984 3302 1088 3375 Mat·

58 3421 193 3493 thaeum
215 3439 250 3493 et
270 3420 442 3492 Marcum
463 3419 662 3516 parabolae,
689 3421 818 3515 quibus
841 3445 990 3513 regnum
1017 3444 1086 3493 coe·
1140 3502 1142 3507 ¹

57 3538 178 3609 lorum
210 3536 316 3608 limile
346 3563 420 3608 esse
452 3536 579 3607 dicitur
611 3537 777 3607 thesauro
805 3534 1015 3607 abscondito
1045 3536 1085 3612 in

58 3677 169 3749 agre,
209 3672 245 3725 et
276 3654 430 3726 inventae
465 3653 530 3739 ¹uni
567 3651 771 3747 margaritae.
837 3651 936 3744 Quas
971 3655 1084 3727 modo

58 3787 272 3842 memoratas
299 3769 486 3842 attinentes
516 3769 561 3840 ad
587 3792 736 3864 regnum
761 3767 894 3840 Christi
920 3769 957 3841 in
984 3772 1084 3852 terris

58 3886 250 3988 parabolas
270 3887 335 3956 suo
360 3889 444 3959 loco
468 3887 685 3985 singulariter
707 3884 974 3984 explicabimus.

100 4039 134 4118 a)
152 4037 258 4097 Mutela.
283 4035 368 4096 XIII.
392 4047 435 4105 38.
538 4037 568 4113 h)
589 4036 629 4102 Il.
651 4050 707 4120 41.Ι
798 4037 827 4116 c)
851 4036 888 4100 lb.
911 4049 957 4112 47.
1115 4064 1173 4278 Α
