2460 4560
96 459 202 546 eius,-
220 476 257 531 et
272 481 405 556 pecora
433 456 537 530 eius?
564 457 771 553 Respondit
795 459 826 532 ei
842 459 963 559 Jews,
991 480 1025 537 et
1038 462 1128 536 dixit

107 577 158 648 eir
195 577 327 649 Omnis
352 575 413 671 qui
443 575 534 646 bibit
562 601 606 646 ex
629 601 718 672 aqua
741 578 829 665 hac,
865 579 954 649 fitiet
977 579 1125 652 iterum:

104 693 164 789 qui
196 713 314 779 autem
340 691 470 764 biberit
499 719 545 762 ex
572 717 684 787 aqua,
718 721 823 790 quam
852 720 920 789 ego
946 696 1039 767 dabo
1068 698 1125 784 ei,

104 837 179 882 non
204 811 295 881 sitiet
317 809 354 889 in
376 830 563 880 aeternum:
592 810 652 880 [ed
673 837 781 906 aqua,
808 838 914 906 quam
936 837 1004 906 ego
1030 813 1125 887 dabo

103 926 153 1015 ei,
181 925 245 998 fiet
273 926 309 996 in
340 952 383 997 eo
411 927 491 997 fons
524 951 623 1020 aquae
654 927 806 998 ¹salientis
834 929 871 997 in
896 929 1004 1000 vitam
1032 949 1128 1018 acter-

101 1046 233 1114 nam.“
306 1041 402 1113 Cum
427 1042 485 1113 ilia
515 1042 590 1112 dari
611 1042 674 1113 srbi
697 1064 833 1140 peteret
856 1046 947 1115 hanc
973 1042 1124 1140 aduam,

100 1159 366 1245 animadverte,
409 1160 594 1253 quomodo
634 1159 797 1232 Christus
838 1161 1046 1248 mulierem,
1092 1181 1127 1234 et

102 1300 190 1346 mox
223 1270 478 1361 Samaritanos,
502 1296 601 1346 urse
627 1276 803 1349 Messinm
828 1288 907 1349 esse
924 1279 1125 1366 crederent,

100 1390 305 1485 induxerit,
333 1418 413 1464 eum
446 1410 680 1487 agnoscerent
702 1393 768 1464 iam
798 1421 877 1465 eum
904 1396 1124 1490 prophetam.-

97 1507 286 1609 ‚Edoctaa
311 1509 455 1579 Christo
474 1507 786 1607 primumsmulier,
809 1510 946 1582 venisse
968 1531 1123 1607 tempus,

101 1635 227 1715 picando
258 1652 352 1716 neque
386 1638 419 1695 in
448 1648 548 1696 monte
577 1635 654 1712 hoc,
690 1655 784 1730 nerpne
818 1640 851 1696 in
881 1637 1124 1716 Hierosolymis,

101 1745 200 1813 cultu
232 1767 360 1837 nempe
388 1743 432 1814 ad
462 1768 574 1814 unum
604 1742 764 1813 restricto
791 1745 930 1827 locum,
956 1752 1127 1814 adorabitis

100 1865 246 1944 Patrem,
274 1859 320 1929 ad
341 1858 516 1930 Messinm
540 1876 733 1952 provocat,
761 1871 814 1947 qni
832 1868 956 1937 dicitnr,
971 1867 1125 1928 Christos:

91 2001 168 2070 tum
187 2001 257 2059 ergo
273 1987 394 2046 venerit
410 1986 479 2060 iile,
504 1983 588 2043 nobis
611 1981 809 2042 annuntiabit
828 1985 942 2044 omnin.
994 1983 1081 2046 Dicit
1097 1987 1126 2046 ei

98 2098 211 2170 Jesrrs:
235 2118 289 2175 ego
298 2099 392 2179 sum,-
420 2103 474 2181 qni
499 2100 606 2180 qunor
628 2111 747 2173 tetum,
775 2089 931 2161 Messias
948 2089 1124 2179 nimirum,

99 2232 176 2301 quo
195 2232 234 2277 se
251 2207 395 2302 praecise
416 2206 560 2278 nomine
584 2217 763 2300 nunquam
788 2205 918 2289 Judaeis
939 2226 1009 2285 torn
1027 2234 1126 2304 aper·

100 2341 135 2413 te
163 2323 454 2395 manifestaverat.
506 2322 655 2393 Nullum
686 2322 743 2393 hic
769 2323 955 2396 intercedit
974 2310 1126 2396 'miraeo

98 2443 197 2524 ium,
232 2440 293 2511 sed
324 2440 423 2535 quod
461 2465 561 2535 aeque
595 2460 648 2509 est
679 2437 724 2509 ad
756 2438 911 2509 divinam
937 2440 1125 2534 Evangelii

99 2554 238 2627 Christi
264 2554 499 2627 oeconomiam
533 2555 866 2640 demonstrandam,
893 2557 1123 2651 propheticus

98 2698 209 2767 quem
235 2671 271 2742 in
300 2670 444 2744 Christo
474 2671 778 2766 deprehenderat,
804 2670 966 2766 spiritus,
994 2687 1033 2743 'ut
1053 2678 1124 2743 cie··

100 2787 204 2858 deret
225 2787 351 2859 mulier
376 2785 494 2860 verbis
519 2789 592 2858 eius
607 2836 630 2873 ,‚
656 2787 824 2873 dicentis,
864 2794 1001 2879 selesse
1021 2789 1123 2862 Mes·-

96 2904 213 2977 siam:
242 2904 355 2996 (dum
377 2901 529 2989 vicissim
552 2903 721 2997 Philippo
745 2923 869 2999 postea
894 2903 1124 2977 descendenti

96 3019 135 3090 in
163 3018 337 3094 civitatem
375 3019 533 3105 Samariae
566 3019 771 3115 praedicanti
803 3019 989 3105 Christum
1010 3021 1125 3104 insen,¹
1156 3064 1164 3078 s

100 3136 229 3207 derent
248 3133 286 3226 o)
310 3147 401 3210 turbat
421 3119 487 3223 trit,
515 3164 577 3228 quae
607 3146 798 3226 tr'xPiriIippo
825 3118 1022 3221 dicebantur,
1049 3121 1124 3205 und:

96 3263 224 3323 nimiter
242 3263 416 3339 audientes,
438 3273 470 3323 et
486 3263 623 3325 videnter
635 3259 727 3338 fignn
747 3279 809 3343 qrrae
820 3247 1002 3339 faciebat)
1015 3251 1124 3337 „Re-

96 3367 204 3463 liquit
226 3393 320 3464 ergo,
340 3367 514 3466 hydriam,
527 3370 623 3439 snam
645 3367 792 3453 mulier,
820 3382 853 3437 et
874 3364 961 3437 abiit
984 3353 1029 3436 in.
1042 3366 1126 3439 civia
1170 3392 1193 3401 ·’

96 3484 227 3579 tatem,
254 3503 290 3556 et
311 3483 400 3556 dicit
418 3477 484 3562 iltis
510 3483 733 3554 hominibus:
751 3493 755 3501 “
773 3474 922 3567 Venite,
947 3500 982 3553 et
1002 3483 1122 3560 videte

95 3584 304 3686 hominem,
331 3599 394 3696 qui
406 3590 504 3671 'dixit
523 3599 609 3669 mihi
628 3599 770 3684 omnia,
797 3616 1017 3694 quaecunque
1035 3593 1121 3674 ieci:

96 3715 265 3811 nunquid
279 3716 291 3787 i
294 3741 358 3813 pse
376 3735 429 3789 est
445 3715 606 3791 Christus
617 3716 656 3789 ἲ..
672 3759 702 3787 «ὁ
719 3739 764 3786 ex
779 3713 916 3789 civitate
933 3734 1050 3805 autern
1063 3718 1123 3791 illa

108 3865 173 3939 ..a)
194 3865 253 3921 Aa.
278 3865 363 3928 Vm.
387 3880 413 3933 r.
435 3873 483 3922 era
777 3933 779 3938 ¹
1037 3915 1041 3922 .

147 3960 319 4038 Tornb
672 3951 809 4037 ‘Es
