2460 4560
269 411 271 415 ,
307 347 379 415 324
626 351 857 371 ..........„

164 469 276 530 Cil’uT
306 474 356 545 do
381 469 561 544 Christum
587 470 695 540 altera
713 465 780 541 ⁴die
806 492 939 563 agnum
969 467 1173 546 demonstra·

178 589 266 646 XXU
306 590 377 676 vit,
414 599 467 680 qui
500 595 583 656 tollit
606 604 777 675 ‘peccatum
812 577 930 656 mundiss
1010 643 1034 675 ,‚
1047 587 1175 676 Vides,

151 704 419 801 vro-‘inquit
456 698 704 805 Theophanes
739 693 806 789 a),
849 694 889 771 in
922 720 1005 776 uno
1043 703 1176 783 Christo

307 823 454 895 duarum
490 835 692 892 naturarum
728 811 1064 914 compositionem,
1108 850 1177 896 cum

306 937 397 1010 dixit
422 960 554 1032 agnum
581 927 681 1020 Det,
701 925 905 1008 *assumtam
931 935 1178 1013 humanitatem

307 1053 486 1140 ostendit,
510 1047 656 1148 'agnum
690 1072 813 1123 revera
847 1051 1086 1128 innocentem
1121 1082 1177 1154 pro

306 1169 412 1244 nobis
433 1171 578 1242 ductum
599 1165 645 1241 ad
664 1188 833 1245 mortem„
865 1169 927 1242 Ne
947 1193 1044 1246 vero
1063 1201 1176 1270 purum

307 1285 489 1360 hominem
507 1288 602 1359 hunc
623 1311 752 1381 agnum
773 1284 1013 1376 existimares,
1032 1292 1175 1415 protinus

150 1440 152 1445 ·
227 1457 229 1461 -
309 1404 467 1491 addidit,-
494 1413 547 1495 qui
570 1413 652 1473 tollit
667 1422 830 1493 peccatum
849 1412 976 1490 mundi,
1007 1407 1176 1490 hocenim

307 1519 409 1615 quod
432 1539 483 1591 est
503 1513 694 1592 divinitatis
715 1517 903 1606 indicium,
930 1515 1047 1617 priori
1067 1550 1177 1613 conve·

310 1636 373 1708 nit.
440 1630 509 1708 Per
533 1640 723 1731 utrumque
747 1655 834 1710 vero
861 1635 1002 1709 dictum
1030 1641 1075 1712 ad
1097 1641 1177 1712 Isaiae

310 1747 535 1850 prophetiam
560 1744 715 1825 mentem
741 1753 815 1825 eins
840 1746 1017 1843 traducit,
1053 1756 1110 1852 qui
1128 1783 1177 1828 au·

205 1923 207 1927 -
312 1870 388 1942 dire
412 1868 544 1966 possit,
572 1870 964 1947 modononicnmans·
978 1892 988 1942 ε
1002 1875 1034 1906 “·
1052 1896 1092 1946 ut
1113 1873 1180 1975 ovis

207 1964 220 1992 '
312 1983 359 2058 ad
386 1987 603 2058 occisionem
630 1986 758 2059 ductus
783 1999 851 2074 est,
879 1999 915 2058 et
935 1998 979 2059 ut
1000 2006 1112 2086 agnus
1133 2016 1181 2062 co·

311 2123 386 2175 ram
417 2098 590 2175 tondente
622 2127 682 2191 se,
717 2099 793 2200 ipse
822 2095 1033 2199 iniquitates
1058 2127 1181 2186 nostras

205 2272 207 2278 ,
311 2214 486 2316 portavit,
515 2239 548 2297 et
571 2214 683 2291 livore
707 2221 778 2292 eius
799 2214 909 2293 sanati
935 2214 1070 2296 sumus.
1121 2224 1182 2319 Ag-

312 2362 378 2407 nus
401 2336 463 2411 ,hic
490 2327 786 2431 praefigurabatur
807 2356 872 2432 per
907 2360 1046 2434 agnum
1078 2367 1182 2437 pasta·

311 2448 401 2538 lem,
423 2470 488 2524 nec
511 2480 584 2526 non
607 2453 688 2548 iuge
706 2454 933 2543 sacrificium,
958 2456 1184 2554 quofingulis

311 2596 416 2641 mane
440 2588 529 2642 unus
555 2590 690 2666 agnuS,
719 2578 929 2668 et'vespere
957 2570 1051 2645 alter
1074 2575 1184 2645 immo

312 2684 470 2760 labatur:
508 2706 586 2782 quae
613 2713 701 2760 vero
728 2687 849 2760 omnia
875 2707 1083 2780 cessarunt,
1110 2692 1183 2763 dum

312 2804 444 2900 paseha
477 2807 636 2876 nostrum
670 2796 871 2877 immolatus
910 2821 965 2878 est
1002 2807 1183 2881 Christusz

236 2996 238 3001 ,
312 2921 397 2991 inde
426 2919 519 2991 enim
543 2936 724 2993 cessarunt
743 2917 893 2994 victimae
912 2941 948 2992 et
971 2915 1102 2997 hostiae
1124 2949 1185 3024 um·

313 3032 387 3108 brae
424 3038 645 3122 futurorum,
684 3046 724 3112 ut
761 3028 818 3108 D(
840 3031 973 3110 Paulus
1015 3034 1126 3114 docet
1155 3039 1186 3110 in

315 3147 464 3248 epistola
482 3134 527 3221 ad
549 3152 658 3223 Hebr.
682 3154 730 3224 X.
753 3148 789 3242 4.
810 3173 874 3226 etc.
906 3165 1100 3246 Impossibile
1120 3169 1186 3229 erim

315 3292 361 3342 est
378 3270 526 3354 sirnguine
549 3291 728 3358 taurorum,
756 3293 786 3342 rt
804 3281 959 3341 hircorum
982 3283 1107 3364 auferri
1128 3266 1188 3364 per·

315 3405 398 3462 ratri.
458 3393 530 3456 Ideo
559 3399 728 3472 ingrediens
753 3396 900 3457 mundum
923 3392 1025 3458 dicit:
1054 3399 1187 3462 Hostiam

316 3518 348 3585 et
370 3497 566 3574 'oblationem
599 3514 751 3588 noluistir
793 3522 903 3593 corpur
936 3526 1045 3576 autem
1079 3497 1190 3598 aptasti

316 3623 415 3691 milri:
455 3621 716 3717 Holocautomatrt
731 3638 793 3710 pro
808 3639 940 3711 peccato
962 3645 1027 3691 non
1048 3633 1109 3694 tibi
1130 3633 1191 3715 pla·

319 3759 468 3820 cucrrmt5
495 3748 566 3807 t'rrnc
589 3740 658 3806 <rixi
669 3759 681 3803 .‘
706 3739 781 3809 Ecce
799 3744 892 3808 verrio·
909 3728 958 3825 b).
970 3720 974 3723 Α
1009 3728 1086 3812 Hic
1107 3740 1193 3812 idem

321 3866 388 3942 est,
415 3845 475 3942 qui
502 3854 545 3924 de
572 3878 610 3924 se·
628 3843 753 3924 Jerem,
771 3844 838 3922 XL
865 3877 918 3944 19.
946 3851 1060 3927 dicit:
1091 3868 1133 3930 Et
1150 3842 1194 3944 egi

361 3996 393 4072 a)
416 3996 509 4061 Homil.
532 4000 562 4057 L
583 4008 611 4073 p.
635 4011 697 4073 345-
771 3991 810 4080 ⁸5)
831 3981 1193 4074 isaim.'‘XXX1X.³ea.
1220 4048 1222 4073 ,
