2460 4560
462 321 696 357 ''—
754 323 759 331 ’
1022 340 1087 411 161

38 503 204 581 ¹tempus
243 504 483 567 concurrens,
526 479 640 576 ipsam
683 480 898 557 dominicam
933 502 1090 576 coenam,

59 602 108 674 de‘
140 626 211 695 qua
248 600 365 670 nullus
402 623 525 670 eorum
558 597 686 683 tacuit,
718 601 832 671 multo
864 604 1089 698 opulentius,

59 737 232 811 tanquam
262 715 306 786 de
335 715 477 786 cellario
514 706 685 787 dominici
719 718 895 815 pectoris,
931 719 994 791 ubi
1026 722 1091 795 dir-v

61 834 232 908 cumbere
252 832 408 926 solebat,
437 829 639 956 e‘lribuiffl

137 1068 234 1141 Tres
255 1067 381 1165 reliqui
408 1068 663 1164 Evangelistae,
690 1051 800 1144 veluti
824 1071 927 1145 etiam
948 1073 980 1147 S.
1000 1057 1097 1148 Pau-‘¹

59 1191 113 1260 lus
141 1196 218 1259 uno
243 1213 306 1258 ore
324 1185 428 1258 nobis
451 1208 593 1260 narrant
614 1184 677 1277 a),
706 1179 806 1284 quod
831 1189 994 1263 Christus*
1013 1218 1091 1288 gra-

60 1305 123 1377 tias
149 1329 260 1398 agens
285 1304 463 1401 acceperit
489 1331 640 1400 panem,
677 1324 712 1377 et
734 1306 898 1407 fregerit,¹
934 1309 1090 1381 similiter

61 1441 97 1494 et
122 1421 296 1508 calicem,
332 1421 585 1517 discipulisque
618 1422 757 1494 dederit
784 1423 829 1494 ad
852 1401 1031 1496 edendum
1055 1445 1093 1499 et

60 1538 280 1625 bibendum,
308 1538 505 1610 clarissimis
528 1538 670 1626 verbis,
698 1565 772 1610 esse
796 1566 926 1637 corpus
957 1561 993 1613 et
1017 1544 1091 1614 lm

60 1640 207 1752 guinem
228 1656 329 1728 suum
356 1676 581 1728 contestatus.
633 1656 743 1750 Igitur
768 1656 851 1727 dum
878 1657 915 1727 in
941 1657 1089 1730 veritate'
1168 1714 1172 1727 ,

62 1773 227 1846 Christus
269 1772 407 1844 realiter
443 1773 574 1844 fistitur
606 1771 643 1840 in
679 1770 815 1856 Altam,
854 1790 889 1844 et
921 1769 1111 1861 offertum·

61 1890 140 1986 quis
160 1888 220 1962 hic
241 1915 365 1961 verum
386 1888 592 1960 sacrificium
623 1914 697 1960 esse
718 1907 824 1981 neget
845 1913 864 1959 a
887 1887 1032 1961 Christo
1051 1888 1108 1961 in'

61 2007 185 2080 ultima
215 2032 314 2078 coena
344 2005 568 2100 institutum,
603 2024 638 2076 et
662 2005 700 2075 in
722 2004 926 2076 memoriam
953 2007 1091 2080 cruenti

61 2122 220 2196 sacrificii
240 2124 276 2194 in
299 2149 404 2195 cruce
424 2121 500 2193 lieri
518 2122 760 2218 praeceptum?
788 2121 946 2195 dicente:
974 2123 1089 2210 „Hoc'

64 2262 116 2314 est
143 2266 273 2337 corpus
294 2266 431 2326 meum,
458 2237 559 2334 quod
585 2265 651 2335 pro
672 2238 777 2312 vobis
802 2239 975 2313 tradetur:
1004 2241 1109 2329 Hoe‘
1173 2314 1177 2320 .

62 2358 163 2432 facite
195 2356 232 2426 in
267 2371 382 2428 meam
413 2356 800 2429 commemorationem.
865 2357 1026 2430 Similiter
1053 2380 1090 2432 et
1173 2417 1176 2425 .

63 2475 224 2548 calicem·
237 2493 426 2569 postquam
445 2473 605 2554 ,ooenavit
631 2473 769 2544 dicensi
813 2471 882 2545 Hic
910 2475 1001 2547 calix
1011 2503 1091 2548 .no-·

61 2615 148 2665 vum
175 2608 420 2665 testamentum
447 2609 499 2678 est
519 2589 555 2658 in
576 2615 657 2660 meo
680 2588 867 2682 sanguine:
895 2591 965 2663 hoc
985 2591 1088 2664 facite·

60 2708 347 2804 quotiescunque
366 2706 493 2778 bibetis
511 2705 547 2775 in
567 2720 679 2777 meam
698 2707 1087 2782 commemorationem.-

63 2824 363 2919 Quotiescunque
395 2824 488 2895 enim
520 2822 778 2895 manducabitis
810 2850 939 2919 panem
966 2822 1086 2912 hunc0

60 2945 118 3015 vel
142 2941 289 3014 calicem
312 2939 440 3011 bibetis
461 2959 611 3011 mortem
637 2938 788 3010 Domini
814 2941 1114 3029 annuntiabitis-3·
1204 2941 1220 2949 ”

10 3114 28 3131 .
61 3059 183 3131 donec
206 3056 369 3130 veniat⁴“
413 3056 505 3148 Quae
525 3056 636 3130 verba
653 3055 734 3152 iuge
755 3083 796 3128 ac
815 3084 971 3152 perenne
991 3058 1092 3132 sacri:

61 3175 183 3247 ficium
211 3171 419 3268 'fignificant
457 3199 569 3268 usque
612 3174 656 3245 ad
692 3175 886 3247 adventum
924 3174 1089 3248 Domini.-

61 3290 228 3386 Ingratos
251 3317 339 3362 vero
364 3290 443 3361 illos
463 3289 486 3382 (
497 3311 621 3362 contra
640 3292 754 3386 ipsum
776 3290 1002 3362 Eucharistiae
1026 3319 1092 3364 no:

59 3434 170 3495 men,
198 3407 297 3502 quod
320 3407 490 3479 sacrificio
508 3407 592 3479 huic
607 3427 647 3478 a·
661 3408 774 3503 prima
795 3407 1014 3481 institutione
1039 3408 1091 3482 in:

60 3525 177 3597 ditum
209 3519 286 3612 est)
320 3550 389 3620 pro
421 3543 519 3596 tanto
550 3521 727 3594 beneficio
761 3521 829 3592 iam
862 3522 894 3593 S.
932 3524 1090 3618 ignatius

58 3638 208 3713 notavit
227 3636 284 3730 b),
319 3640 497 3736 „eoquod
526 3664 600 3711 non
630 3639 884 3726 confiteantur,
920 3643 1091 3717 Euchari=
1129 3631 1132 3638 ⁵

59 3758 166 3830 stiam
193 3764 341 3830 carnem
367 3783 443 3830 esse
471 3756 660 3833 salvatoris
687 3755 797 3826 nostri
822 3757 902 3830 lesu
934 3759 1090 3849 Christi3

60 3894 145 3971 queo
171 3899 241 3971 pro
266 3874 575 3971 peccatisnostris
606 3890 709 3969 passa
742 3893 814 3960 est,
849 3901 956 3970 quam
986 3877 1091 3952 Patet
1157 3920 1161 3935 ι

102 4022 182 4086 ull.
210 4025 264 4079 cor.
293 4024 346 4089 xl.
374 4040 417 4096 24.
511 4023 542 4101 l)
565 4024 648 4097 Epist.
670 4024 702 4079 erl
722 4026 865 4098 lllrayrnaeosr
888 4017 914 4083 a.
937 4041 966 4093 qr

111 4107 227 4182 Tom.
254 4106 283 4181 Ι.
479 4115 481 4155 ῑ
642 4169 646 4189 ,
699 4107 729 4180 L
