2460 4560
967 419 977 438 Ι,
1059 332 1126 424 163

327 425 329 451 .

89 504 129 549 ω
157 489 226 559 ert,
248 461 437 560 eucharistia
450 481 549 561 foetu
568 495 634 559 est,-
654 485 753 546 cibum
769 502 809 547 ex
825 504 886 569 quo
905 505 1008 552 carnes
1024 507 1130 556 nostre

94 615 126 666 et
139 599 282 682 sanguis
300 619 359 684 per
386 600 589 662 mutationem
616 606 816 681 nutriuntur,
852 608 951 685 ipsius
974 610 1129 676 incarnati
1176 659 1184 677 .

98 718 175 792 Jesu
199 729 232 780 et
251 735 372 779 curnem
393 728 424 779 et
429 716 617 796 sanguinem
636 719 716 795 esse,
743 720 841 782 edocti
848 720 980 801 sumus:
1016 716 1128 793 Grati.

99 849 170 922 que
198 805 449 920 ἴυχαιριςεντεςς
484 824 583 925 quod
621 824 768 920 dignum
812 845 847 899 et
885 828 1014 902 iustum
1055 855 1127 926 est,

103 943 232 1038 gratias
251 950 321 1038 'pro
339 942 450 1037 gratia
468 949 611 1036 agentes
628 967 696 1037 pro
713 942 896 1039 praecipuo
910 945 980 1019 hoc
999 948 1129 1027 divine
1205 960 1210 983 ¹

103 1059 292 1154 Evangelii
323 1058 454 1131 Christi
481 1058 594 1130 Verbi
621 1058 793 1131 incarnati
820 1065 1027 1138 oeconomiae
1054 1095 1130 1142 mo·

102 1191 277 1250 numento
313 1176 483 1248 hactenus
519 1174 558 1245 id
587 1174 745 1271 agimus,-
788 1164 966 1276 quodibi
995 1211 1128 1260 memo.

87 1314 154 1368 'rat
202 1293 301 1365 idem
345 1292 377 1364 S.
421 1292 591 1389 Martyr:
641 1294 769 1378 „dum
810 1295 842 1366 ei
873 1296 934 1392 qui
974 1323 1125 1396 praeest,

103 1437 149 1486 ex
187 1408 352 1483 fratribus
392 1409 538 1483 offertur
582 1411 683 1506 panis
738 1432 774 1484 et
818 1415 988 1509 poculum
1027 1445 1129 1516 aquae

103 1550 139 1602 et
171 1526 272 1601 vini:
313 1525 442 1623 quibus
472 1527 531 1600 ille'
562 1528 715 1625 acceptis
745 1531 886 1602 laudem
918 1554 954 1606 et
981 1538 1132 1629 gloriam

99 1647 355 1722 universorum
395 1643 490 1716 Patri
529 1651 594 1740 per
628 1652 761 1716 nomen
798 1647 876 1717 Filii
912 1668 946 1720 et
983 1651 1132 1747 Spiritus

97 1763 215 1838 sancti
234 1760 378 1846 emittit,
402 1779 437 1832 et
452 1759 643 1854 gratiarum
664 1761 839 1834 actionem
859 1788 927 1859 pro
947 1791 1010 1853 eu,
1030 1771 1132 1862 quod

84 1894 173 1954 'nos
193 1878 291 1951 hisce
310 1877 475 1972 dignatus
499 1876 559 1963 fit,-
586 1876 727 1971 prolixe
751 1879 996 1974 prosequitur:
1025 1903 1132 1981 atque

98 1996 169 2071 ubi
189 1994 338 2094 perfecit
361 2019 503 2090 preces,
532 2013 565 2065 et
585 1991 774 2087 gratiarum
796 1991 1001 2085 actionem,
1017 2027 1133 2100 popu.

96 2117 180 2202 lus,
208 2110 271 2209 qui
297 2111 421 2198 adest,
448 2109 566 2182 omnis
591 2114 781 2199 acclamat,
806 2112 947 2204 dicens,
967 2114 1133 2210 Ameu‘}

310 2409 930 2555 torroeooum

98 2695 270 2774 XXVII.
297 2626 519 2768 Lotionem
546 2693 701 2792 pedum,
730 2718 809 2790 quae
833 2704 898 2769 ceu
920 2701 1132 2796 praeparatio

101 2812 353 2890 communioni
392 2810 629 2884 eucharisticae
664 2794 843 2908 praemissa
866 2814 1001 2902 luerat,
1035 2819 1133 2892 solus

102 2949 361 3007 commemorat
382 2928 414 3001 S.
430 2929 608 3014 Joannes3
635 2929 696 3024 qui
718 2931 843 3016 etiam,
871 2956 951 3026 quae
964 2926 1132 3030 ‚prodito-

103 3045 336 3125 remludam
362 3045 535 3141 attinent,
569 3046 728 3141 pluribus
755 3047 1007 3142 prosequitur,
1033 3050 1131 3122 etin

104 3165 247 3243 lotione
273 3163 450 3236 intentum
483 3162 611 3233 iterna
640 3161 783 3235 Christo
813 3163 973 3258 spectans
999 3164 1132 3253 finem,

105 3307 217 3378 quem
238 3299 322 3376 post
350 3279 510 3352 eamdem
532 3277 705 3350 lotionem
730 3278 941 3352 recumbens
964 3280 1133 3355 indicavit

82 3402 86 3410 ’
107 3396 310 3495 discipulis,
336 3421 416 3469 cum
438 3393 487 3467 illi
509 3398 617 3491 paulo
634 3415 732 3482 aute,
760 3394 838 3490 quis
857 3419 985 3466 eorum
998 3397 1136 3470 videre·

108 3534 166 3588 tur
202 3492 443 3609 esse‘rnaior,
477 3511 570 3582 inter
595 3536 633 3583 se
659 3509 944 3583 contendissent:
983 3512 1148 3615 „Scitis,¹

107 3632 176 3719 ait,
199 3628 287 3725 quid
304 3629 448 3704 fecerim
468 3628 602 3700 vobis?
627 3625 705 3699 Vos
723 3625 858 3700 vocatis
870 3653 925 3698 me
943 3627 1133 3727 Magister,

111 3768 148 3820 et
170 3745 353 3819 Domine:
382 3765 417 3818 et
434 3745 527 3818 bene
543 3743 676 3817 dicitis:
703 3743 779 3815 sum
798 3743 938 3816 etenim.
975 3746 1037 3818 An
1058 3748 1135 3820 haec

111 3863 280 3962 magister
299 3861 504 3938 humilitatis
524 3887 571 3938 ex
589 3860 722 3945 dictatu
741 3858 929 3958 Evangelii
945 3863 998 3937 sui
1018 3865 1135 3935 dicere

702 3975 733 4050 L
760 4001 782 4055 2
