2460 4560
180 471 294 532 Canon

224 585 246 638 1.

162 690 304 749 υγυ

332 329 400 420 196

324 479 417 552 Filio
450 477 494 549 de
526 476 750 548 Sacramento
781 474 998 552 nativitatis
1018 502 1095 571 est,
1131 481 1194 563 sicut

326 595 520 693 sapientiae,
549 613 584 665 et
598 593 736 666 virtutis
764 613 816 666 est
842 619 995 672 nomen.
1008 602 1033 636 ‘⁶
1087 599 1118 672 S.
1145 601 1194 674 ira

324 738 422 786 naeus
439 737 559 798 vere,
570 730 760 805 postquam
778 735 824 782 ex
842 710 956 784 tribus
966 714 1193 813 Evangelistis

323 829 464 900 Patrem
486 847 522 900 et
538 827 665 900 Filium
681 851 806 898 verum
823 825 948 900 Deum
969 831 1194 906 demonstras·

323 965 396 1032 set,
438 945 591 1017 eundem
633 970 678 1015 ex
717 943 750 1014 8.
790 944 930 1017 Joanne
969 970 1192 1038 ostensurus,

324 1108 347 1149 „
358 1061 548 1157 quoniam,
574 1060 653 1130 infit
678 1059 734 1148 a),
762 1082 853 1132 unus
881 1059 1017 1152 Deus,
1051 1068 1115 1163 qui
1136 1093 1194 1140 orn·

324 1180 383 1251 nia
407 1177 488 1250 fecit
509 1200 573 1274 per
601 1176 752 1247 verbum
777 1177 894 1264 suum,
921 1199 959 1251 et
987 1179 1075 1256 non*
1090 1210 1192 1280 quern

200 1307 204 1312 ’
317 1296 519 1368 admodum
540 1294 588 1366 iili
605 1293 745 1382 dicunt,
766 1295 912 1366 alterum
937 1298 1091 1391 quidem
1107 1300 1192 1372 fabri·

317 1433 498 1499 errorem,
527 1411 632 1482 alium
658 1430 774 1482 autem
794 1410 934 1483 Patrem
964 1411 1123 1488 Domini
1138 1438 1190 1488 eto

314 1520 517 1602 -fecundum
540 1547 655 1598 autem
681 1528 856 1621 quosdam
876 1527 1139 1608 Gnosticorum
1155 1535 1190 1606 ab

316 1646 459 1740 angelis
482 1646 594 1717 factus
615 1663 667 1714 est
689 1643 860 1730 mundus,
886 1664 923 1717 et
947 1673 1028 1719 non
1051 1679 1114 1747 per
1129 1677 1189 1723 ver·
1227 1736 1228 1741 Ἰ

324 1763 411 1835 bum
428 1761 503 1832 Dei
514 1764 547 1830 :“
573 1760 733 1831 Verbum
753 1759 917 1833 nimirum
936 1763 1206 1863 hypostaticam⁸
1226 1820 1228 1858 3

323 1878 567 1964 substantiale,
592 1881 695 1972 quale
714 1877 923 1951 nobissrstit
943 1879 977 1954 8.
1000 1879 1187 1970 Irenaeusb)

323 2009 360 2067 In
380 2009 536 2086 principio
561 2005 687 2066 verbnm
712 2006 844 2066 existens
870 2005 959 2085 apud
978 2006 1114 2073 Deum:-
1130 1998 1188 2074 ubi·

320 2138 394 2204 que
421 2113 527 2186 habet
553 2131 669 2185 textus
695 2135 830 2206 graecus
854 2097 971 2206 λᾶγος.
1003 2195 1006 2199 ,
1056 2170 1058 2175 .

400 2338 649 2443 Quandoque,
667 2343 717 2420 ob
728 2347 801 2421 vim
819 2344 995 2440 nominis,
1011 2377 1130 2448 graeco
1139 2376 1183 2426 vn

321 2464 452 2538 cabulo
474 2463 491 2536 ὅ
511 2450 614 2557 λέγος
631 2465 741 2562 primi·
759 2465 814 2537 88.
835 2464 957 2538 Patres
979 2469 1087 2550 etiam
1107 2466 1184 2543 latin
1220 2548 1228 2560 ⁴

320 2582 375 2654 usi
402 2583 524 2667 fuere;
567 2601 669 2678 putat
695 2602 813 2654 tamen
843 2581 874 2652 S.
902 2582 1075 2660 Thomas
1101 2585 1133 2677 c)
1156 2585 1183 2655 in

320 2699 417 2769 hunc
447 2701 589 2785 locum,
633 2723 707 2793 quo
744 2725 807 2794 per
840 2697 960 2794 ipsum
995 2701 1091 2776 facta
1124 2727 1182 2774 esse

318 2813 440 2883 omnia
459 2815 641 2901 dicuntur,
659 2815 782 2886 melius
801 2814 870 2886 dici
884 2814 1065 2907 verbum,
1079 2815 1183 2916 „quod

318 2930 504 3026 importat,
532 2952 572 3002 ut
597 2931 662 3017 ait,
689 2949 890 3028 respectum
920 2932 969 3003 ad
999 2937 1181 3018 exteriora,

316 3071 422 3141 quam
447 3046 558 3131 ratio,
585 3071 665 3140 quae
693 3068 828 3119 tantum
855 3064 1077 3145 conceptum
1106 3077 1181 3125 rnen

316 3163 360 3234 tis
396 3162 573 3247 insinuat3
596 3165 617 3199 “
656 3164 717 3235 sed
751 3185 938 3259 utrumque
979 3161 1180 3262 significati

315 3266 428 3371 λέγοι.
481 3278 560 3350 Nec
584 3279 726 3351 videtur
751 3281 803 3352 Jo.
829 3281 1015 3376 Lightfoto
1039 3286 1080 3358 in
1103 3282 1179 3360 horis

316 3397 563 3468 Thalmndicis
581 3396 617 3467 in
638 3397 673 3468 h.
692 3402 713 3469 l.
734 3398 908 3519 euriosius
929 3397 1178 3495 inquirendum,
1218 3453 1228 3498 t

317 3514 413 3586 unde
450 3513 678 3607 Evangelista
713 3514 854 3610 petierit
889 3515 989 3587 hunc
1031 3520 1177 3602 titulum,
1217 3572 1228 3616 Ι

303 3649 392 3723 :quo
411 3630 613 3724 unigenitus
632 3629 705 3700 Dei
726 3631 835 3703 Filius
857 3619 1022 3704 Verbum
1046 3637 1179 3735 appella·
1218 3691 1228 3732 :

307 3764 394 3832 tur,
422 3770 501 3818 cum
530 3748 632 3818 toties
657 3751 833 3843 repetatur
863 3749 899 3818 in
929 3747 1082 3827 historia
1106 3775 1178 3826 crea·
1218 3782 1228 3851 5

252 3962 260 3973 Ι
317 3859 423 3932 tionis
446 3844 558 3943 0237th
584 3881 683 3943 anun
707 3887 738 3936 et
765 3876 851 3955 dixit
875 3859 975 3938 Dens,v
1024 3862 1123 3944 Rem
1139 3864 1176 3951 ‚ad
1218 3901 1228 3970 [

359 4008 390 4084 a)
409 4010 426 4064 Ι.
447 4027 471 4065 c.
554 4011 584 4089 b)
603 4027 637 4083 pe
652 4026 712 4087 209.
795 4017 825 4095 c)
849 4016 879 4077 T.
900 4016 956 4078 ΠΙ·
982 4032 1037 4091 θΡΡο
1060 4037 1088 4095 P·
1111 4033 1162 4092 297·
