2460 4560
172 354 224 432 78
574 374 803 389 “““““”““““
1220 394 1224 447 1

174 493 270 564 Vere
295 492 404 565 Filius
430 486 503 563 Dei
530 496 601 563 es.“
664 493 786 584 Quare
812 484 1016 567 dubitasti?
1051 495 1115 584 ait,
1139 498 1188 570 de·

159 600 316 683 'ficiente'
341 609 504 680 nimirum
530 608 624 694 fide,
654 608 699 679 de
726 629 795 703 qua
819 596 902 682 alibi
925 608 1090 685 Christus
1113 639 1185 686 cum

171 741 358 822 rogassent
377 745 457 796 eum
476 724 644 822 apostoli}
668 737 798 811 Adouge
810 710 995 812 nobisfidem
1007 725 1187 818 o),s1mili·

157 843 330 916 ⁴tudinem
353 842 569 937 accipiensa
593 862 706 936 grano
736 828 880 940 sinapis,
904 836 1082 939 quod'est
1099 847 1186 918 mini·

171 987 269 1032 mum
300 983 345 1028 ex
373 958 584 1043 seminibuS,
612 971 661 1046 si,
687 958 818 1055 inquit,
845 969 1017 1032 habueritis
1035 970 1130 1048 fidem
1147 969 1184 1050 st

117 1149 120 1155 ,
172 1099 227 1148 cut
241 1099 372 1161 granum
384 1082 525 1166 stnupis,
549 1085 656 1145 dicetis·
675 1083 746 1145 ltuic
768 1085 869 1146 arbori
886 1101 992 1147 moror·
1018 1091 1183 1167 eruditore,

167 1213 203 1267 tt
228 1202 454 1281 transplantare
477 1205 509 1262 in
532 1216 634 1276 more,
661 1204 692 1261 et
714 1200 832 1261 obediet
850 1201 948 1263 uobis.
1001 1193 1183 1268 Paiallelus

171 1327 224 1380 est
255 1310 355 1379 locus
380 1300 527 1379 Mattln
548 1307 659 1384 XXI..
687 1331 743 1379 20.
779 1329 844 1398 etc.
873 1335 954 1380 cum
983 1310 1183 1384 mirarentur

116 1504 119 1511 ‚
161 1425 323 1522 apostoli
347 1418 533 1511 arborem,
561 1423 618 1496 cui
642 1423 870 1496 maledixerat
890 1424 1094 1516 Dominus,
1119 1445 1181 1501 tam

167 1540 285 1614 subito
309 1543 509 1612 exaruisse:
550 1540 826 1636 „Respondens
856 1561 972 1614 autent
996 1544 1114 1631 lesus,
1143 1544 1183 1615 ait

168 1659 240 1731 eis:
269 1659 388 1730 Amen
409 1658 490 1729 dico
507 1657 632 1743 vobis,
654 1657 682 1729 si
702 1650 893 1729 habueritis
910 1659 1039 1748 fidem,-
1062 1682 1096 1734 et
1116 1687 1182 1732 non

166 1775 430 1861 haesitaveritis,
457 1801 531 1846 non
558 1776 669 1847 solum
700 1767 745 1844 de
772 1773 924 1846 liculnea
948 1777 1102 1865 facietis,
1128 1777 1181 1849 sed

20 1902 23 1909 '
93 1922 96 1943 ·
167 1912 204 1964 et
217 1892 245 1963 si
260 1892 373 1963 monti
390 1891 473 1964 huic
491 1891 670 1963 dixeritis:
695 1889 824 1976 Tolle,
838 1908 875 1962 et
885 1891 975 1963 iacta
987 1912 1023 1964 te
1037 1893 1075 1965 in
1085 1919 1181 1978 mare,

166 2007 270 2078 fiet.“
321 2006 413 2077 Cum
443 2007 605 2079 Christus
627 2007 664 2077 in
688 2008 800 2102 patria
821 2008 881 2078 sua
904 2009 1052 2083 doceret
1072 2010 1182 2084 sabba·
1222 2026 1224 2099 ξ

166 2117 262 2208 tob),
281 2121 404 2231 „multi
416 2122 596 2193 audientes
610 2122 872 2195 admirabantur
883 2124 920 2194 in
931 2119 1094 2198 doctrina
1104 2126 1181 2212 eius,

166 2237 342 2310 dicentes:
368 2235 476 2308 Unde
497 2237 580 2309 huic
606 2239 683 2310 haec
706 2239 853 2312 omnia?
888 2241 938 2311 Ei
960 2266 1041 2336 quae
1067 2248 1118 2316 est
1140 2245 1157 2314 l
1171 2285 1182 2298 ·

156 2354 318 2452 ¹pientia,
346 2378 424 2448 quae
457 2350 537 2426 data
569 2373 621 2425 est
645 2355 714 2441 i11i;
743 2375 778 2428 et
799 2355 945 2429 virtutes
972 2362 1080 2448 tales,
1108 2382 1178 2455 quae

162 2498 227 2570 per
252 2497 375 2543 manus
399 2470 472 2542 eius
494 2469 723 2543 efficiuntur?
749 2472 885 2545 Nonne
911 2473 968 2546 hic
995 2495 1049 2547 est
1069 2477 1178 2562 faber,

162 2590 255 2663 filius
282 2587 434 2674 Mariae,-
463 2590 567 2659 frater
595 2588 738 2676 Jacobi,
764 2609 798 2661 et
819 2590 977 2686 loseph,
1008 2610 1045 2663 et
1068 2592 1178 2676 Judae,
1221 2652 1224 2687 ,

163 2726 200 2778 et
223 2706 403 2777 Simonis?
433 2704 569 2776 Nonne
596 2723 631 2776 et
657 2707 793 2776 sorores
819 2707 892 2778 ‘eius‘
915 2702 974 2778 hic·
997 2700 1178 2783 nobiscum

159 2824 268 2896 sunt?
294 2823 341 2894 Et
363 2821 686 2894 scandalizabantur
706 2816 742 2892 in
765 2822 837 2894 illo.
885 2823 934 2894 Et
953 2823 1097 2897 dicebat
1120 2814 1178 2896 illis
1222 2838 1224 2921 j

159 2922 281 3013 lesus?
320 2938 416 3031 Quia
442 2951 593 3010 nonest
618 2940 797 3036 propheta
825 2939 896 3011 sine
922 2931 1087 3028 honore,
1120 2939 1178 3012 nisi
1222 3028 1224 3033 Ι

159 3057 198 3130 in
220 3056 334 3154 patria
354 3058 439 3141 iu‘a,
475 3076 510 3126 et
531 3056 568 3125 in
596 3057 706 3126 domo
731 3054 815 3141 lua,
850 3075 884 3126 et
906 3047 949 3124 ln'
966 3050 1177 3151 cognatione
1222 3080 1224 3093 ·

151 3177 228 3249 lua.
275 3164 337 3245 ⁸Et
362 3198 436 3243 non
465 3190 605 3268 poterat·
632 3171 682 3242 ibi
710 3161 839 3244 viriute
873 3154 885 3200 ,·
906 3175 1013 3243 ullam·
1048 3174 1177 3258 facere,

157 3293 225 3367 nisi
246 3316 381 3390 paucos
404 3289 561 3361 infirmos
583 3288 756 3386 impositis
777 3199 942 3525 §astibus
958 3288 1111 3362 'curavit
1136 3288 1178 3360 Et

153 3400 353 3484 'mirabatur'
366 3412 512 3503 propter
531 3397 774 3479 incredulitate
830 3406 997 3476 eorum.“
1023 3400 1078 3478 Ut
1092 3391 1176 3479 uero

150 3528 215 3602 iric
238 3516 568 3608 Christus'latetur,
596 3546 672 3597 non
696 3506 853 3620 nemisse
874 3521 911 3591 in
936 3521 1120 3595 Nazareth
1145 3542 1177 3594 se

118 3725 121 3739 ,
155 3643 323 3718 virtutem
350 3626 457 3713 ullam
481 3643 594 3713 lacere
609 3640 693 3726 rita·
718 3639 854 3711 homini
881 3638 956 3727 illi,
979 3640 1046 3734 qui
1067 3640 1176 3714 filium

152 3763 255 3836 'suum
274 3759 464 3832 habentem
481 3758 641 3855 spiritum
656 3777 792 3828 mutum
810 3756 1047 3843 attulit,··curn
1065 3760 1175 3830 adhuc
1221 3802 1224 3905 ἱ

41 3876 44 3880 ’
149 3878 288 3951 infide
305 3875 501 3962 vacillaret,
530 3875 651 3947 dicens
679 3870 734 3962 c)·:
763 3883 822 3944 Sed
846 3883 973 3966 siquid
992 3882 1174 3963 potel,ad
1221 3908 1224 3961 l

83 4016 86 4024 ’
196 4027 227 4106 a>
249 4028 312 4088 auc.
339 4000 437 4087 xrrrss
463 4027 492 4110 .⁶··
574 4000 605 4101 a)
629 4023 718 4084 Marc.
747 4018 797 4086 Vra
823 4032 848 4084 ι.
902 4020 920 4065 ··.
935 4022 968 4099 c>
985 4021 1031 4084 ra
1057 4023 1113 4081 rx
1136 4035 1172 4084 n.
