2460 4560
1043 409 1114 474 107

145 521 204 602 'ld
225 518 337 615 vero,
364 516 464 635 quod
489 547 614 622 postea
634 528 742 601 habet
765 527 810 601 de
832 550 1003 625 angusta,
1031 523 1110 629 quac

89 646 187 720 ducit
212 647 259 718 ad
286 645 414 732 vitam,
437 663 563 740 porta,
590 645 663 717 vim
687 644 874 719 maximam
900 674 945 719 ex
973 649 1039 720 illo·
1059 667 1115 745 a'c·¹

78 763 191 860 cipit,
216 762 317 858 quod
339 760 421 832 alibi
440 763 485 832 de
506 760 674 832 divitibus
697 761 800 848 dicit,
826 789 932 858 quam
957 764 1111 855 difficile,

87 862 159 962 irno
174 878 274 975 apud
287 878 456 949 'homines
475 877 694 974 impossibile
717 878 774 964 ht,
797 900 837 950 ut
853 882 1030 955 salventur
1050 880 1111 972 a):

88 1005 222 1066 Facilius
244 1017 311 1082 est,
339 1006 485 1066 camelum
507 1005 725 1084 perforamen
745 1023 819 1065 acus
842 1011 990 1085 transire,
1017 1000 1114 1091 quum

87 1122 216 1184 divitem
250 1112 367 1186 intrare
403 1124 436 1180 in
475 1123 599 1198 regnum
638 1122 789 1182 culorum.
875 1111 936 1184 De
975 1118 1112 1189 camelo

85 1227 188 1314 item,
218 1227 356 1300 Scribas
381 1247 415 1299 et
437 1227 632 1298 Pharisaeos
652 1224 851 1314 incessens,
879 1234 1110 1327 comparatio·

85 1367 166 1441 nem
193 1344 320 1432 sumit,
353 1365 542 1441 postquam
572 1370 695 1416 eorum
729 1345 766 1415 in
799 1343 947 1418 iurando
976 1373 1108 1420 vanam

78 1447 348 1535 ¹observantiam
378 1479 558 1547 notasset,
599 1462 644 1532 de
670 1487 740 1557 qua
767 1461 929 1535 Christus
961 1489 1107 1560 quoque

83 1577 120 1650 in
141 1581 304 1650 sermone
324 1578 360 1647 in
379 1598 500 1649 monte
523 1568 625 1651 cavet
645 1575 703 1666 b):
732 1577 829 1671 „Vae
848 1579 953 1651 vobis
977 1578 1107 1652 Scribae

86 1716 119 1767 et
149 1695 317 1768 Pharisaei
346 1695 564 1790 hypocritae,
604 1695 665 1789 qui
695 1694 875 1766 decimatis
902 1696 1105 1787 mentham,
1217 1702 1221 1713 '

85 1802 119 1884 et
141 1814 332 1899 anethum,
348 1831 395 1904 ‚et
412 1811 614 1915 cyminum,
643 1830 678 1882 et
702 1810 907 1905 reliquistis,
935 1837 1013 1904 quae
1031 1837 1108 1905 gra.

82 1928 182 2000 viora
209 1931 290 2001 sunt
316 1928 426 2023 legis,
454 1928 646 2014 iudicium,
675 1947 711 1998 et
739 1927 1038 2014 misericordiam,
1071 1933 1109 2002 'e‘t

81 2045 214 2118 fidem:
242 2044 500 2141 hacc'oportiait
527 2036 660 2130 iacere,
690 2063 724 2142 et
751 2042 809 2115 illa
835 2070 909 2114 non
934 2045 1107 2121 omittere.
1175 2085 1177 2092 ·

81 2160 208 2236 Duces
235 2161 319 2235 caeci
350 2166 553 2234 excolantes
584 2160 753 2246 culicem,
786 2159 957 2232 camelum
988 2184 1106 2234 autem

78 2280 282 2376 glutientes.
292 2283 317 2322 ⁴⁶
367 2278 456 2352 Non
476 2281 581 2352 semel
604 2278 732 2349 Scribae
758 2299 791 2349 et
808 2277 974 2351 Pharisaei
999 2274 1108 2353 duces
1194 2338 1195 2345 ,

81 2397 165 2472 caeci
194 2422 214 2469 a
246 2394 390 2468 Christo
416 2415 611 2481 vocantur,
639 2396 735 2492 apud
765 2393 898 2467 Lucam
927 2408 1022 2468 vero
1041 2397 1109 2467 sm·

78 2512 271 2610 gulariter,
310 2512 395 2584 dum
426 2512 653 2608 paucioribus
683 2513 880 2583 sermonem
911 2513 948 2582 in
980 2534 1104 2589 monte
1135 2600 1139 2606 ,

78 2624 322 2727 persequitur,
349 2630 386 2699 in
405 2622 475 2700 hoc
494 2630 675 2700 Matthaeo
698 2627 894 2723 copiosior,
909 2629 1007 2722 quod
1022 2624 1104 2702 be'a'·

79 2747 292 2820 titudinibus
313 2747 374 2817 seu
392 2745 700 2818 benedictionibus
719 2771 805 2815 mox
826 2745 1105 2836 maledictiones,

82 2867 212 2960 quibus
236 2864 493 2950 deterreamur,
520 2863 690 2957 adiungat
712 2862 893 2957 oppositas
915 2858 970 2953 c):
999 2863 1108 2950 „Ve-

82 3003 278 3056 rumtamen
300 3005 353 3053 vac
373 2979 479 3054 v‘obis
503 2980 686 3066 divitibus,
716 2979 798 3074 quia
818 2978 954 3070 habetis
977 3005 1107 3051 conso·
1184 3048 1185 3055 ,

81 3100 249 3171 lationem
272 3116 437 3170 vestram.
497 3096 563 3167 Vae
592 3097 715 3184 vobis,
732 3087 805 3191 3qni
831 3096 970 3168 saturati
999 3095 1104 3166 estis:

80 3215 158 3310 qula
187 3212 370 3286 esurietis:
399 3212 464 3284 Vae
486 3213 625 3300 vobis,
643 3216 705 3308 qui
736 3213 853 3284 ridetis
882 3237 994 3285 nunc:
1023 3211 1106 3305 quia

81 3330 266 3428 lugebitis,
294 3351 329 3402 et
348 3321 504 3403 flebitis·
543 3329 609 3402 Vae
628 3357 707 3402 curn
730 3327 980 3400 benedixerint
998 3317 1104 3401 vobis

79 3448 264 3522 homines:
290 3448 484 3520 secundum
515 3448 591 3519 haec
622 3445 717 3518 enim
745 3445 921 3533 faciebant
950 3445 1106 3539 pseud'oss

78 3564 261 3662 prophetis
286 3584 402 3663 patres
430 3566 601 3637 eorum.“
664 3562 744 3633 Nos
775 3580 912 3647 autem,
942 3562 1058 3634 edocti
1086 3591 1107 3636 a
1220 3592 1222 3594 ·

82 3680 247 3769 Christ0,
276 3707 351 3753 non
372 3682 439 3767 fic,
466 3681 590 3753 beatos
618 3705 686 3751 nos
712 3679 803 3749 inter
829 3681 919 3748 mala
949 3699 983 3750 et
1006 3681 1106 3752 mise-

81 3796 144 3880 rias
170 3798 275 3870 huius
300 3791 381 3870 vitae
410 3797 544 3890 (unice
569 3824 656 3873 vero
681 3794 827 3882 solatio,
854 3821 927 3890 quo
958 3816 1106 3880 carent,

84 3912 140 4007 qui
174 3915 355 4011 prosperis
383 3915 573 4011 'praesentis
608 3913 689 3985 vitae
723 3913 842 3986 felices
879 3939 915 3984 se
949 3907 1106 4007 putant)

122 4064 358 4141 quamarcia
375 4081 417 4134 ²4·
478 4063 506 4140 b)
520 4048 689 4127 lb.·XXIlI.
703 4077 746 4134 23.
805 4064 835 4139 e)
850 4064 912 4122 Luc.
931 4060 979 4121 Vl.
996 4076 1039 4128 ²4·
1055 4071 1101 4122 ete.

1119 4130 1216 4272 A·
