2460 4560
283 324 356 395 208
602 307 834 368 Q

128 462 243 528 ΕΔΜ
285 467 495 563 prophetas,
523 484 582 538 aut
602 468 741 539 sanctos
763 463 851 540 alios
874 469 997 569 ipsum
1022 474 1131 550 venisse

151 581 205 637 ¹¹¹·
281 583 484 681 suspiceris,
512 583 572 654 led
597 609 719 656 revera
742 610 886 657 carnem
907 591 1147 683 factumest..

118 694 261 756 W*
281 700 405 784 idest,
427 697 651 772 hominem.“
700 700 861 775 Breviter
880 705 914 778 S.
936 706 1149 806 Augustiuut'

281 816 338 889 hic
361 815 610 889 Hebruismum
631 835 730 888 notat
748 814 805 907 u):
835 822 987 908 „More
1008 828 1083 914 luo,
1099 827 1135 897 in·

279 933 377 1030 quit,
404 934 587 1031 scriptura,
613 956 653 1006 ut
676 934 810 1006 Christi
835 939 1071 1015 humilitatem
1086 969 1135 1015 nt·

277 1052 331 1146 gis
356 1051 580 1135 ostenderet,
597 1050 652 1122 'ne
680 1051 791 1123 carnis
819 1080 959 1153 nomen
986 1061 1083 1156 quasi
1100 1060 1134 1131 in·

277 1169 425 1265 dignum
447 1165 579 1261 aliquid
600 1167 770 1261 refugisse
789 1169 996 1263 videretur,
1018 1203 1133 1261 caruem

275 1312 345 1384 pro
378 1282 523 1356 homine
558 1284 727 1379 posuit.“
801 1285 834 1358 S.
866 1287 1038 1367 Thomas
1065 1295 1132 1377 h.,l

275 1403 333 1475 his
350 1400 547 1473 rationibus
568 1400 667 1474 addit
687 1400 809 1488 aliam,
837 1430 901 1475 cur
926 1407 1131 1506 Evangelistr

275 1521 322 1592 de
345 1517 460 1590 anima
482 1516 644 1589 rationali
665 1519 883 1591 mentionem
906 1548 994 1596 non
1013 1526 1131 1612 fecerit,

274 1637 336 1710 fed
355 1635 399 1706 de
419 1647 522 1706 carne
545 1635 677 1722 solum,
700 1635 744 1707 ad
768 1635 1083 1717 demonstrandam
1100 1641 1132 1714 ni·

274 1754 400 1826 mirum
425 1749 500 1824 Dei
526 1778 607 1847 erga
631 1777 697 1824 nos
726 1753 1012 1846 magnitudinem
1037 1759 1134 1854 benig·

275 1871 431 1943 nitatis·
470 1925 491 1958 „
512 1868 686 1955 Constat,
723 1867 859 1964 iuquit,
900 1876 1006 1966 quod
1042 1877 1133 1948 anina

273 1986 453 2060 rationalis
474 1985 586 2083 magis
613 1984 805 2059 confdrmis
834 2005 887 2057 est
909 1986 1022 2078 Deo,
1049 2016 1134 2090 quan

273 2130 375 2189 caro,
400 2104 596 2201 etquidem
615 2128 781 2199 magnum
803 2101 946 2198 pietatis
964 2109 1137 2182 sacramen·

271 2240 348 2292 tum
368 2219 507 2308 fuisset,
531 2220 561 2291 si
581 2219 742 2293 Verbum
757 2219 981 2295 assumsisset
1000 2227 1133 2326 animam

271 2337 477 2423 humanam,
501 2356 628 2434 utpote
655 2337 719 2408 fibi
741 2332 993 2430 conformem,
1021 2344 1078 2416 sed
1098 2368 1134 2415 as

270 2481 408 2528 sumere
437 2453 539 2568 etiam
571 2479 712 2527 carnem
740 2457 942 2549 elongatam
975 2485 996 2531 a
1027 2459 1132 2558 simpli·

255 2572 373 2645 'citate
394 2572 463 2642 [uae
487 2592 617 2644 natura:
637 2569 703 2643 fuit
719 2574 831 2642 multo
850 2572 1084 2669 amplioris,
1073 2601 1129 2648 mo

268 2687 518 2760 inaestimabilis
554 2687 695 2792 pietatis
722 2687 915 2776 indicium,
951 2695 1129 2769 secundun

267 2806 367 2901 quod
401 2805 599 2900 Apostolus
630 2805 715 2878 dicit
744 2805 771 2878 l.
801 2805 967 2883 Timoth.
994 2811 1058 2887 IIL
1086 2813 1127 2883 16.

267 2932 311 2996 Et
335 2933 495 3013 manifeste
520 2950 664 3007 magnum
690 2943 734 2994 est
748 2908 882 3012 pietiztis
890 2932 1126 3016 sacramentum,

266 3049 352 3131 quod
367 3049 600 3126 manifestatum
622 3062 667 3112 ert
693 3052 727 3112 in
749 3041 882 3111 carar.“

101 3297 236 3369 Quidquid
341 3271 436 3346 At
411 3297 498 3348 vero
520 3299 594 3371 quo
613 3268 725 3371 magis
752 3234 983 3352 commendat
1000 3276 1126 3354 charita·

98 3382 208 3450 superba
268 3412 337 3468 tem
358 3395 453 3466 suam
477 3392 610 3465 Deus
600 3419 636 3462 m
655 3392 758 3464 nobis
780 3419 843 3490 per
860 3381 1125 3470 incarnationem

18 3525 20 3533 '
96 3465 240 3610 {²:³52th
266 3511 379 3604 Verbi
405 3509 538 3596 divini,
574 3536 618 3582 eo
648 3509 848 3606 protervius
879 3514 1039 3609 exsurgit
1058 3513 1124 3594 hic,

262 3631 407 3724 seseque
428 3626 581 3724 opponit
598 3625 749 3723 superba
766 3627 875 3714 ratio,
901 3654 1011 3723 quam
1029 3623 1124 3725 arguit

261 3742 299 3816 in
327 3744 519 3818 Platonicis
542 3743 764 3842 philosophis
796 3743 829 3816 S.
853 3743 1078 3842 Augustinus
1093 3737 1122 3832 l)

305 3921 335 4002 t)
357 3926 439 3994 Epist.
467 3943 525 3996 ¹40·
547 3946 574 3984 n.
598 3944 639 3988 ια.
667 3929 699 3983 Τ.
723 3928 762 3991 ll·
783 3941 809 3999 p·
832 3943 894 3997 420.
991 3945 993 3952 ·

351 4007 381 4082 t)
401 4008 458 4071 lit.
481 4012 526 4074 X.
547 4013 651 4070 dcciv.
677 4013 735 4074 Dei.
757 4031 782 4073 c·
806 4027 852 4088 529·⁴
876 4012 907 4074 T·
937 4015 1005 4080 VH·
1016 4028 1052 4095 ,1ο
1071 4014 1119 4077 είς·
