2460 4560
632 232 640 262 Ι

486 333 719 365 -

1063 365 1141 437 59.

78 484 100 593 3
128 488 250 582 ¹renta):
277 484 508 586 aMagister,
526 493 691 563 volumus
714 517 734 564 a
756 510 790 563 te
812 491 955 586 signum
967 493 1109 566 videre:
1159 524 1163 532 ·

78 628 83 689 ῑ,
129 603 178 696 Qui
198 609 414 704 respondens
440 606 495 678 ait
509 604 595 686 illis:
624 606 817 708 Generatio
840 613 933 703 mala
956 629 992 681 et
1014 611 1110 682 adul·

78 734 83 783 '.
126 736 174 794 tera
193 724 325 819 signum
356 719 736 825 quaerittzct'fignum
765 739 840 797 no'n
876 726 1017 806 dabitur
1047 725 1108 816 ei,

120 837 166 908 nisi
183 841 315 935 signum
332 841 430 913 lonae
450 840 645 944 prophetae.
695 841 789 913 Sicut
807 843 899 914 enim
919 843 985 913 luit
1003 841 1111 912 Jonas

116 949 142 1021 in
164 973 282 1029 ventre
299 956 396 1027 ·Ceti
419 957 529 1029 tribus
556 956 682 1029 diebus
713 949 749 1030 et
778 959 890 1037 tribus
920 957 1111 1041 noctibus;
1211 1014 1215 1021 ·

114 1066 146 1141 fic
160 1073 221 1146 erit
244 1073 356 1144 Filius
380 1073 535 1171 hominis
553 1073 589 1153 in
609 1074 718 1145 eorde
736 1070 836 1149 terrae
854 1076 964 1149 tribus
983 1073 1110 1145 diebus
1217 1148 1221 1155 ,

112 1204 137 1256 et
153 1189 262 1268 tribus
286 1189 497 1270 noctibus.“
563 1189 625 1261 De
652 1186 909 1269 resurrectioni
934 1194 994 1263 sua
1024 1188 1110 1261 nihil

111 1300 192 1391 dicit;
211 1306 285 1387 imo
303 1325 429 1401 postea
448 1331 528 1384 cum
545 1305 669 1378 iterum
691 1304 857 1393 Pharisaei
876 1328 911 1379 et
928 1308 1112 1380 Sadducaei

107 1417 226 1515 fignum
253 1404 436 1518 peterent,
462 1422 628 1518 idemque
652 1424 697 1496 de
720 1424 811 1496 lona
835 1424 990 1512 diceret,
1023 1448 1112 1496 mox

106 1534 207 1611 subdit
232 1523 485 1637 Evangelista:
522 1549 563 1611 Et
591 1551 715 1619 relictis·
733 1551 795 1621 ibis
825 1553 904 1614 abiit
931 1538 994 1631 b),·
1029 1540 1112 1636 quia

101 1651 254 1732 nimirum
282 1654 442 1726 Christus
473 1681 660 1749 resurgens
694 1682 732 1728 se
763 1657 889 1735 ,ludaeis
921 1657 1111 1728 incredulis

98 1772 321 1868 conspicuum
344 1797 419 1843 non
441 1771 620 1858 exhibuit,
648 1772 733 1844 dum
753 1799 827 1843 non
857 1774 968 1866 magis
993 1774 1112 1867 praeci·
1206 1845 1215 1853 ,

94 1914 160 1983 prro
179 1888 266 1960 huic
287 1888 554 1969 ¹resurrectionis
575 1888 645 1958 suae
668 1887 768 1980 figno
788 1888 896 1959 fidem
919 1886 1129 1959 adhibituri-

94 2026 187 2077 erant
214 2004 285 2096 (ut
299 2005 335 2084 in
357 2005 527 2101 parabola
549 2003 593 2074 de
613 2002 722 2081 divite
745 2023 780 2075 et
799 2003 933 2084 Lazaro
950 1999 1126 2076 Christus¹
1173 2006 1177 2015 ’

86 2122 288 2194 <futurorum
315 2121 478 2193 conscius
504 2118 632 2192 ludaeis
661 2117 882 2211 insinuavit)
909 2147 1015 2216 quam
1037 2120 1111 2192 aliis

89 2237 304 2324 innumeris,
329 2263 406 2334 quae
436 2237 606 2332 quamdiu
632 2237 670 2316 in
694 2238 760 2309 hac
785 2236 858 2311 vita
881 2238 969 2324 fuit,
998 2257 1113 2334 patra·

88 2355 157 2442 vit,
188 2373 273 2426 tunc
296 2355 398 2425 etiam
421 2355 513 2440 iam,
541 2355 705 2449 quando,
733 2355 832 2449 quod
854 2379 898 2427 ex
918 2353 951 2424 S.
975 2355 1112 2426 Joanne

87 2471 291 2557 attulimus,
317 2472 363 2542 ad
385 2496 444 2541 eos
463 2452 614 2567 primum
632 2471 859 2566 ierosolymis
877 2496 1006 2562 munus
1025 2496 1112 2565 prae·

87 2586 275 2660 dicationis
296 2588 364 2669 luae
393 2587 459 2667 ¹luit
482 2586 701 2682 auspicatus,
741 2589 881 2657 locutus
911 2608 983 2671 est;
999 2587 1112 2656 ⁴addit

90 2704 184 2775 enim
204 2703 433 2798 Evangelista
458 2699 515 2792 c):
541 2702 670 2788 „Cum
689 2722 805 2774 autem
829 2722 919 2773 esset
936 2702 1112 2798 lerosoly-

86 2819 152 2891 mis
179 2820 217 2889 in
245 2821 378 2916 pascha
405 2819 441 2889 in
458 2820 526 2892 'die
548 2821 662 2904 festu,
689 2819 797 2890 ‘multi
824 2819 1050 2891 crediderunt
1073 2818 1128 2889 in=
1167 2850 1169 2854 ·

88 2935 236 3007 nomine
266 2936 362 3022 eius,
401 2936 562 3009 videntes
587 2935 683 3029 figna
711 2936 807 3020 eius,
844 2961 922 3030 quae
950 2930 1112 3033 iaciebat?

89 3052 171 3148 lpse
203 3072 322 3123 autem
351 3051 449 3125 lesus
480 3078 555 3124 nou
586 3051 754 3133 credebat
780 3034 1005 3147 semetipsum
1034 3050 1110 3134 eis,

92 3168 240 3263 eoquod
264 3168 339 3263 ipse
371 3188 494 3241 nosset
518 3194 641 3241 omnes
661 3201 671 3254 ;
696 3190 731 3241 et
756 3168 838 3263 quia
859 3193 951 3262 opus
982 3166 1014 3236 ei
1035 3182 1110 3236 no'n
1165 3214 1172 3229 ,

91 3304 183 3370 erat,
211 3303 251 3355 ut
279 3285 355 3379 quis
383 3285 622 3356 testimonium
649 3283 852 3379 perhiberet
876 3285 920 3386 de
945 3280 1090 3353 homine
1101 3307 1117 3375 ι,

85 3401 168 3497 ipse
189 3401 284 3472 enim
301 3400 449 3487 sciebat,
477 3401 564 3495 quid
587 3419 679 3473 esset
701 3398 738 3469 in
762 3398 957 3481 homine;“
983 3423 1111 3494 nempe

87 3517 221 3613 (quod
242 3518 306 3588 loli
327 3518 412 3590 Deo
433 3515 602 3601 scrutanti
619 3516 728 3586 corda
750 3533 785 3586 et
805 3538 911 3584 renes·
928 3517 1109 3612 proprium

88 3630 174 3722 est)
199 3623 452 3728 Kaadtoyua'snr.

127 3784 160 3858 a)
182 3783 282 3845 Marta.
301 3783 369 3850 att
387 3795 431 3852 ss.
516 3784 547 3860 a)
570 3785 607 3845 rr.
627 3783 707 3846 aaa
727 3798 754 3850 4.
843 3780 871 3856 c)
891 3783 935 3849 Jo.
954 3782 995 3843 11.
1016 3795 1059 3849 ις.

334 3984 858 4013 *-
