2460 4560
561 329 791 368 m

562 372 791 384 m

158 361 210 427 44

157 489 317 586 loquitur
348 489 394 562 in·
421 489 538 564 vobis.
600 490 740 573 Tradet
768 510 886 564 autem
914 491 1020 567 frater
1041 493 1177 569 fratrem

114 620 120 630 '
151 607 196 679 ‘in
219 628 389 696 mortem,
425 631 460 681 et
482 627 582 704 pater
614 599 748 680 filium:
787 627 822 681 et
847 609 1035 706 insurgent
1059 611 1121 685 filii
1146 611 1180 683 in

159 745 352 824 parentes,
393 745 428 797 et
457 746 573 798 morte
602 751 664 797 eos
695 724 867 798 afficient:
909 746 944 799 et
974 728 1070 801 eritis
1097 729 1178 827 odio

155 843 328 919 omnibus
351 862 499 940 propter
521 868 653 914 nomen
677 855 823 930 meum,
844 843 905 938 qui
928 863 1048 918 autem
1070 872 1180 943 perse·

157 959 333 1036 vetaverit
363 986 476 1055 usque
507 959 544 1031 in
575 959 792 1047 finem,‚hic
820 962 936 1033 salvus
965 961 1083 1034 erit.“.
1124 961 1182 1033 Ad
1223 939 1226 1028 i

125 1063 128 1068 ¹
155 1078 252 1150 *hanc
287 1101 374 1149 vero
411 1075 707 1174 perseverantiam
738 1096 844 1172 atque
873 1073 1108 1152 constantiam
1147 1077 1180 1150 in

154 1194 315 1266 adversis
338 1193 543 1290 quibusvis,
570 1194 715 1289 quando
742 1193 810 1265 iam
836 1194 896 1265 illa
920 1195 1037 1293 reipsa
1062 1196 1111 1269 eis
1133 1221 1182 1268 at·

160 1311 377 1398 ciderunts
368 1338 444 1408 rpsa
467 1311 666 1384 recordatio
680 1307 819 1407 ,quod
846 1311 920 1383 haec
948 1313 1115 1408 magister
1137 1311 1181 1385 eis
1223 1328 1226 1395 ζ

159 1428 383 1524 praedixerit,
406 1428 580 1502 excitabat
602 1428 757 1499 animum
779 1427 1054 1535 roborabatque.
1091 1429 1182 1523 Qua·
1224 1512 1226 1524 Ι

103 1635 108 1648 .
156 1564 306 1642 propter
338 1572 421 1632 eos,
460 1538 590 1618 dum
580 1570 650 1615 ram
677 1545 781 1639 super
812 1570 852 1615 se
880 1544 1000 1640 ipsum
1035 1566 1181 1622 ventura
1223 1563 1226 1645 g

157 1680 280 1734 essent
290 1688 396 1758 quae
407 1661 539 1759 saepe
510 1689 558 1734 ers
575 1661 802 1757 praedixerat,
823 1662 1009 1757 proximus
1029 1662 1182 1760 passioni

157 1804 202 1852 ac
218 1779 342 1868 morti,
363 1782 427 1852 suo
450 1807 512 1852 eos
533 1773 664 1852 animat
684 1782 850 1874 exemplo
871 1780 1044 1851 memoria
1064 1776 1181 1853 eorum
1223 1835 1226 1882 :

157 1896 316 1969 refricata
343 1894 407 1989 a):
448 1897 713 1984 „Mementote
746 1896 917 1968 sermonis
945 1897 1035 1988 mei,
1079 1923 1181 1993 quem
1224 1924 1226 1933 ·

161 2037 230 2106 ego
250 2012 326 2084 dixi
342 2013 458 2086 vobis.
499 2013 588 2085 Non
608 2033 661 2085 est
676 2015 795 2085 servus
814 2012 924 2085 maior
944 2012 1095 2086 domino
1110 2016 1181 2086 suo.
1224 2011 1226 2081 j

161 2128 198 2199 Si
222 2154 280 2200 me
306 2129 483 2225 persecuti
507 2131 610 2214 sunt,
650 2149 685 2200 et
709 2154 776 2200 vos
804 2150 1074 2224 persequentur.
1150 2128 1182 2201 Si
1224 2169 1226 2200 ;

161 2246 359 2317 sermonem
370 2272 487 2317 meum
498 2247 736 2331 servaverunt,
751 2265 949 2343 etvestrum
959 2248 1181 2321 servabunt.“

159 2363 209 2434 ht
234 2363 343 2458 paulo
371 2382 455 2458 post
479 2358 535 2451 ὼε
576 2362 696 2449 „Haec
723 2366 863 2434 locutus
890 2364 965 2435 sum
992 2365 1120 2452 vobis,
1146 2380 1181 2436 ut

103 2491 107 2502 '
159 2504 235 2551 non
258 2479 549 2552 scandalizemini.
577 2479 729 2576 Absque
746 2481 936 2577 synagogis
952 2480 1084 2555 facient
1099 2506 1179 2555 vos:

160 2594 222 2668 sed
235 2595 342 2681 venit
362 2598 466 2683 hora,
489 2597 543 2670 ut'
557 2598 695 2685 omnis,
723 2596 783 2693 qui
803 2597 968 2668 interficit
985 2620 1072 2684 vos,
1097 2598 1181 2671 arbi·

160 2733 288 2799 tretur,
315 2740 351 2785 se
374 2714 585 2809 obsequium
606 2735 770 2810 praestare
797 2714 894 2786 Deo.
905 2718 927 2751 “
968 2714 1089 2786 Statim
1114 2717 1180 2789 hoc

150 2820 325 2925 'discipuli
347 2829 500 2902 Domini
521 2851 606 2927 post
625 2854 775 2904 mortem
794 2830 945 2918 Christi,
972 2851 1013 2903 ut
1039 2858 1086 2902 ex
1106 2834 1182 2905 acti·

72 3028 75 3032 ,
158 2946 227 3019 bus
254 2947 514 3043 Apostolorum
543 2938 661 3044 palam
690 2950 752 3037 fit,
791 2947 942 3045 experiri
972 2970 1180 3044 coeperunt,

159 3078 271 3159 quos,
298 3065 383 3136 dum
408 3065 499 3137 vixit
524 3085 620 3136 tutos
648 3066 827 3162 praestitit,
857 3064 959 3138 etiam
990 3065 1026 3136 in
1053 3067 1180 3150 horto,

146 3207 241 3277 *cum
263 3202 464 3277 caperetur:
493 3181 576 3253 alias
594 3182 699 3254 etiam
718 3210 792 3255 non
812 3185 924 3258 [olum
945 3208 1019 3254 non
1037 3208 1180 3278 passus,

159 3318 200 3369 ut
223 3298 417 3395 quidquam
444 3296 492 3370 eis
522 3300 680 3386 deesset,
717 3327 842 3375 verum
871 3300 975 3372 etiam
1001 3326 1067 3372 ceu
1090 3300 1183 3372 filios

157 3416 281 3509 sponsi
310 3416 392 3488 vitae
419 3415 618 3489 austeritate
645 3444 687 3490 ea
711 3418 888 3505 eximens,
924 3416 1077 3512 qua-usi
1103 3419 1182 3496 sunt

130 3563 133 3569 ·
159 3531 324 3627 discipuli
354 3534 387 3604 S.
415 3533 560 3606 Joannis
583 3544 648 3612 *eo'
665 3537 781 3620 adhuc
806 3535 972 3609 vivente:
1017 3526 1203 3630 quaesitus

158 3650 349 3744 aliquando
378 3677 458 3722 >eam
485 3653 533 3724 ob
558 3680 631 3726 rem
662 3652 817 3744 „Quare
845 3650 1009 3747 discipuli
1034 3651 1180 3724 Joannis

156 3767 314 3848 ieiunant
336 3768 537 3862 frequenter
558 3766 611 3858 c),
638 3755 675 3842 et
691 3767 952 3841 obsecrationes
970 3767 1124 3855 faciunt,
1144 3769 1181 3839 sr-

156 3884 282 3955 iniliter
322 3903 360 3993 et
399 3884 677 3983 Pharisaeorum,
711 3885 762 3958 tui
788 3904 905 3981 autem
933 3885 1047 3993 edunt
1076 3905 1112 3959 et
1131 3885 1181 3960 bi·

171 4050 174 4057 ·
199 4036 227 4109 o)
248 4035 293 4100 [ο.
317 4034 383 4102 XV.
405 4051 447 4094 20.
533 4038 563 4114 b)
588 4037 628 4095 lb.
653 4036 732 4105 XVI·
761 4053 788 4096 1.
818 4094 820 4097 ,
872 4035 980 4114 Mun
1007 4036 1041 4102 V·
1066 4050 1111 4108 33.
