2460 4560
157 341 208 421 43
550 319 781 363 1——

158 481 327 554 eustodes
353 480 400 553 ad
423 479 646 575 sepulchrum
669 477 954 576 postulantibusr
982 489 1174 575 Quiasednc·

158 620 212 671 tor
237 609 288 670 ille
313 610 397 671 dixit
422 609 534 668 adhuc*
548 610 659 668 vivens
677 620 753 687 post
778 619 841 669 tres
862 607 927 669 dies
951 625 1108 684 resurgam
1133 597 1177 690 a).

160 715 285 787 Omne
307 741 395 788 vero
416 712 630 810 desiderium
654 712 843 811 superant,
871 713 1179 810 quibus‘Christus
1219 698 1222 749 ¹

117 925 119 929 Ι
157 831 456 906 resurrectionem
477 831 574 903 suam
593 830 759 902 aMa-ria·
776 831 1001 926 Magdalena
1020 831 1181 922 fratribus

160 950 251 1035 suis,
278 969 318 1019 ut
340 947 492 1043 primum
516 946 574 1020 hic
595 969 702 1020 vocat
728 947 923 1042 discipulos
945 950 1048 1036 suos,
1072 949 1181 1022 voluit

159 1063 334 1139 nunciati.
386 1064 523 1150 „Vade
549 1083 666 1136 autem
692 1047 737 1136 ad
764 1066 885 1136 fratres
913 1090 1037 1151 meos,
1066 1085 1101 1138 et
1130 1067 1182 1138 dic

129 1259 134 1271 ,
162 1182 212 1253 eis
233 1177 290 1270 b):
318 1179 491 1252 Ascendo
512 1181 558 1252 ad
575 1179 715 1252 Patrem
734 1207 873 1268 meum,
896 1200 932 1252 et
951 1179 1094 1255 Patrem
1111 1209 1183 1256 ves·
1211 1240 1213 1247 ,

159 1315 273 1388 trum,
301 1296 423 1370 Deum
447 1323 590 1385 meum,
627 1317 661 1369 et
686 1298 809 1371 Deum
829 1293 1029 1371 vestrum.“
1076 1299 1183 1391 Quod

161 1432 199 1484 et
218 1415 373 1502 factum,
404 1433 443 1486 ut
462 1413 671 1511 praedictum
697 1417 827 1502 fuerat,
854 1434 1046 1510 postquam
1072 1415 1184 1488 Chris-

161 1550 218 1602 tus
243 1531 396 1626 praebuit
414 1556 451 1602 se
475 1528 592 1626 ipsum
612 1530 735 1604 vivum
756 1551 839 1627 post
864 1531 1069 1628 passionem
1091 1534 1183 1605 [uam

100 1632 103 1647 ’
160 1645 199 1719 in
227 1648 346 1720 multis
370 1647 605 1744 argumentis,
633 1673 697 1744 per
722 1647 797 1719 dies
825 1647 1061 1742 quadraginta
1087 1675 1183 1746 appa·

159 1766 337 1854 renseis,
374 1786 409 1838 et
437 1770 587 1862 loquens
619 1766 664 1837 de
690 1790 810 1860 regno
829 1762 914 1837 Dei.
964 1764 1014 1836 Et
1042 1791 1184 1839 conves·

160 1909 269 1971 cens,
295 1882 466 1980 praecepit
489 1883 537 1956 eis
562 1884 606 1956 ab
625 1882 851 1980 Jerosolymis
872 1908 922 1953 ‘ne
944 1880 1182 1973 discederent,

159 1999 224 2074 sed
255 2019 502 2095 exspectarent
531 2000 805 2096 promissionem
832 1998 965 2086 Patris,
1002 2024 1109 2094 quam
1131 2026 1184 2072 au·

163 2114 281 2203 distis,
309 2115 447 2212 inquit,
475 2141 540 2212 per
564 2141 605 2192 os
631 2107 771 2188 meum:
813 2115 909 2207 Quia
933 2115 1090 2189 ioannes
1117 2116 1184 2212 qui·

162 2233 245 2305 dem
270 2232 462 2328 baptizavit
480 2258 547 2307 vos
567 2257 674 2333 aqua,
695 2257 762 2305 vos
784 2251 900 2303 autem
919 2231 1184 2329 baptizabimini
1208 2235 1211 2242 ’

162 2349 294 2446 Spiritu
315 2350 466 2438 Sancto,
492 2375 567 2421 non
588 2368 673 2447 post
693 2353 824 2421 multos
845 2350 912 2421 hos
938 2350 1032 2435 dies,
1058 2376 1183 2447 nempe

161 2491 244 2538 cum
264 2466 528 2564 complerentur
544 2467 619 2539 dies
633 2486 855 2563 pentecostes
864 2469 897 2551 ,“
915 2486 954 2539 ut
966 2466 1116 2563 impleta
1132 2493 1182 2541 res

161 2602 324 2657 narratur
352 2584 435 2658 Art.
467 2583 512 2656 ΙΙ.
566 2583 796 2656 Ascendente
825 2601 941 2654 autem
967 2579 1122 2657 'Christo
1149 2585 1186 2668 in

164 2704 293 2773 coelum
320 2697 378 2791 c),
415 2699 541 2787 „Ecce
571 2701 645 2774 duo
675 2699 742 2774 viri
771 2698 953 2772 astiterunt
980 2697 1083 2774 iuxta
1109 2702 1186 2774 illos

161 2813 200 2890 in
222 2817 378 2890 vestibus
404 2817 513 2901 albis,
555 2817 615 2913 qui
644 2836 679 2890 et
704 2815 889 2900 dixerunt:
923 2815 1001 2887 Viri
1025 2815 1184 2904 Galilaei,

161 2933 251 3029 quid
282 2933 375 3006 statis
408 2933 615 3031 aspicientes
647 2933 685 3005 in
717 2937 872 3019 coelum;
906 2931 965 3005 hic
995 2932 1095 3007 Jesus
1127 2934 1185 3030 qui

159 3071 337 3124 assumtus
361 3072 414 3124 est
439 3051 584 3138 avobis
605 3051 643 3121 in
665 3054 812 3136 coelum,
839 3050 885 3122 src
904 3048 1041 3137 veniet,
1070 3077 1186 3148 quem·

62 3153 79 3166 ’
164 3167 361 3242 admodum
386 3166 523 3244 vidistis
546 3192 626 3239 eum
649 3185 791 3240 euntem
808 3164 847 3238 in
872 3154 1046 3240 coelum.“

238 3398 305 3479 Est
331 3407 403 3480 hoc
439 3397 539 3506 quod
576 3395 910 3494 Christus'Matth.
944 3398 1089 3481 XXVI.
1130 3408 1187 3494 64'

163 3514 283 3595 Marc.
309 3524 414 3598 XIV.
447 3531 506 3600 62.
531 3553 611 3600 cum
637 3528 742 3599 staret
767 3552 886 3599 coram
913 3523 1081 3622 synedrio
1102 3522 1188 3596 iudi·

162 3640 299 3713 candus
338 3643 450 3717 edixit
491 3644 656 3743 proxime
696 3663 778 3716 ante
819 3643 1020 3740 passionem
1062 3643 1188 3728 suam,

160 3782 269 3853 quam
290 3757 395 3830 toties
417 3763 610 3836 fecundum
632 3762 782 3855 fingulas
806 3758 1082 3833 circumstantias
1101 3783 1191 3855 praes

161 3874 302 3954 dixerat
319 3876 415 3972 apud
430 3877 650 3956 Matthaeum
669 3875 774 3948 XVI.
794 3903 852 3950 21.
870 3900 1060 3977 postquam
1079 3876 1187 3950 Petro

202 4028 233 4103 o)
251 4026 493 4125 MuttithXVH.
511 4032 554 4098 63.
575 4031 579 4039 ”
640 4027 872 4110 s)Jo.·XX.17.
954 4029 984 4107 c)
998 4029 1039 4092 lb·
1058 4042 1103 4094 100
1127 4029 1132 4040 “
