2460 4560
255 486 321 559 Est
341 485 416 557 haec
439 484 554 558 virtus*
572 476 644 554 Dei
669 482 704 553 in
730 483 929 580 Evangelio
941 483 1094 559 -Christi
1108 543 1125 578 ,Α
1148 486 1186 558 de

181 632 252 702 qua
273 603 435 698 discipuli
460 602 531 687 illi,
568 600 695 695 quibus
724 600 915 672 in‘Emaus
940 602 1186 684 ambulantibus

180 741 265 820 post
289 739 439 792 mortem
465 741 651 811 resurgens
679 717 831 789 occurrit
858 716 1038 804 Christus,
1068 720 1188 815 quaerit·

180 855 273 934 que',
308 835 369 930 qui
388 836 454 905 srnt
465 837 672 918 sermones,
700 859 791 926 quos
819 835 1022 906 conferrent
1048 836 1095 907 ad
1115 835 1188 908 invi·

58 984 61 995 Χ
101 939 104 945 ⁵
182 980 258 1029 cem
280 948 349 1041 al?
386 961 427 1022 Et
446 962 611 1045 dixerunt,
632 959 668 1021 de
685 959 759 1028 Jtsu
785 960 964 1037 Numano,
993 964 1048 1043 qui
1060 961 1130 1040 fuit
1145 964 1190 1022 uir
1228 1014 1230 1028 ,

119 1095 121 1098 ⁴
173 1079 330 1164 'propbeta
346 1089 456 1158 potens
476 1079 510 1138 in
531 1095 618 1156 opere
640 1074 818 1152 ctfirmone
841 1095 942 1137 coram
962 1075 1047 1154 Deo,
1075 1090 1105 1140 et
1119 1078 1188 1151 omni
1226 1127 1230 1140 ,

173 1195 301 1279 popul.
364 1184 467 1255 Hanc
498 1181 651 1278 apostoli
679 1181 804 1253 Petrus
831 1203 865 1255 et
890 1183 1058 1255 Andreas
1081 1185 1187 1256 fratres
1225 1247 1230 1257 .

180 1301 319 1398 experti
335 1303 415 1373 sunt
432 1299 596 1371 virtutem
616 1296 706 1383 Dei,
726 1298 810 1368 dum
828 1325 848 1368 a
867 1297 1013 1371 Christo
1029 1300 1142 1373 vocati
1156 1297 1185 1387 b)
1225 1355 1229 1359 -

179 1415 371 1514 „protinus
393 1415 520 1487 relictis
544 1413 675 1485 retibus
698 1415 805 1486 secuti
826 1417 905 1486 lunt
926 1441 1018 1488 eum.
1061 1417 1106 1490 Et
1120 1444 1188 1514 pro

169 1559 317 1630 ‚gressus
338 1532 422 1603 inde
444 1529 610 1628 pusillum
635 1529 725 1601 vidit
746 1529 916 1602 Jacobum
947 1533 1136 1620 Zebedaei,
1160 1553 1187 1604 et

167 1651 350 1723 loannem
372 1649 513 1720 fratrem
535 1647 626 1732 eius,
652 1665 685 1718 et
709 1645 806 1742 ipsos
827 1669 1089 1744 componentes
1114 1649 1187 1734 retia

179 1768 215 1840 in
235 1765 326 1839 navi.
348 1765 397 1837 Et
410 1764 521 1836 statim
540 1764 683 1835 vocavit
695 1763 785 1834 illos.
816 1763 864 1835 Et
882 1764 1003 1837 relicto
1023 1786 1123 1861 patre
1134 1767 1186 1838 suo

179 1883 358 1957 Zebedaeo
374 1882 409 1952 in
426 1880 506 1952 navi
520 1906 598 1952 cunr
612 1879 969 1965 mercenariis‚secuti
984 1883 1067 1957 lunt
1083 1884 1187 1957 eum.“

145 1983 148 1986 Α
179 1998 275 2070 Sicut
305 1997 417 2068 modo
448 1995 622 2086 vidimus,
650 2017 864 2066 memoratur
896 1997 1061 2070 Christus
1090 2001 1126 2070 in
1146 2000 1188 2094 sy·

178 2139 319 2208 nagoga
335 2112 537 2183 ludaeorum
555 2121 662 2181 docens
680 2140 747 2196 tor,
769 2126 860 2203 pransi
871 2136 1062 2204 potestatem
1077 2118 1187 2197 dudem,

127 2262 129 2266 ⁴
177 2255 284 2325 quam
305 2227 406 2299 etiam
428 2225 578 2297 sentiens
597 2225 763 2298 virtutem
785 2227 860 2299 Dei
881 2229 930 2300 ibi
951 2255 1110 2324 praesens
1131 2233 1186 2303 dat·

94 2399 106 2408 -
176 2343 357 2416 moniacus
377 2345 566 2427 exclamat,
593 2351 679 2434 Quid
693 2353 776 2414 uobis
792 2367 824 2424 et
841 2355 897 2416 tibi
915 2353 990 2426 Jtsu
1012 2357 1186 2420 Nazareae?
1224 2297 1230 2413 l

176 2472 290 2531 uenisti
303 2469 430 2549 perdere
453 2486 516 2528 nos.
566 2457 616 2529 Et
632 2458 727 2530 Luca
746 2461 955 2555 perhibente
977 2466 1011 2550 c)
1035 2466 1185 2549 „factum
1210 2415 1230 2546 ,Ι

175 2592 231 2648 est
257 2575 293 2645 in
325 2601 396 2647 una
423 2574 581 2661 dierum,
619 2596 653 2648 et
680 2575 754 2671 ipse
782 2575 926 2648 sedebat
953 2578 1101 2654 docens.
1148 2581 1187 2652 Et

176 2711 277 2764 erant
307 2690 471 2762 Pharisaei
502 2693 682 2777 sedentes,
719 2713 754 2764 et
789 2693 875 2787 legis
912 2694 1105 2784 doctores,
1138 2675 1205 2792 qui¹

70 2895 75 2903 Ι
167 2826 349 2906 ,νερεῐειηῑ
372 2832 417 2878 ex
439 2806 537 2879 omni
559 2807 701 2879 castello
727 2807 903 2896 Galilaea,
932 2831 966 2881 et
989 2811 1139 2900 iudaeae,
1161 2829 1186 2883 et

175 2925 388 2996 Jerusalem:
427 2943 462 2995 et
489 2922 599 2995 virtus
629 2921 781 2995 Domini
820 2946 893 2998 erat
923 2926 968 2998 ad
1000 2929 1185 3003 sanandum
1224 2982 1230 3009 ‚

176 3043 283 3128 eos,“
309 3051 458 3134 nempe,
483 3058 521 3109 ut
535 3058 658 3133 postea
672 3040 737 3111 alia
754 3042 941 3114 occasione
961 3066 1123 3123 narratur
1135 3040 1183 3134 dl:

162 3167 196 3244 *„
207 3156 282 3251 Qui
305 3172 495 3239 venerant,
521 3173 562 3224 ut
584 3154 746 3227 audirent
765 3183 866 3251 teum,
894 3177 929 3230 et
948 3159 1152 3247 satiarentur
1170 3183 1185 3239 l

174 3271 406 3368 languoribus
422 3267 511 3341 suis.'
525 3268 572 3339 Et
590 3270 650 3363 qui
662 3264 883 3357 vexabantur
900 3299 920 3344 a
937 3264 1121 3369 spiritibus
1138 3268 1185 3355 iu·

165 3385 569 3474 '·mundis,curabantur.
596 3385 886 3471 Etomni's-turba
899 3393 1101 3487 quaerebat,
1118 3378 1184 3471 etim

149 3583 152 3589 ,
175 3503 450 3609 ωηςεῑεπιᾳηία
461 3500 572 3574 virtus
594 3501 640 3582 de
653 3503 723 3585 ,illo
742 3505 936 3592 exibat,sset
956 3508 1105 3589 latrabat
1122 3532 1180 3583 ont

174 3622 280 3693 nes.“
331 3619 399 3688 Sed
422 3617 490 3688 iam
517 3618 593 3689 haec
618 3620 698 3692 sunt
717 3622 929 3695 articulatius
957 3623 1181 3724 edisserendo

212 3769 246 3845 a)
264 3767 325 3825 luc.
340 3766 447 3827 XXIV·
468 3782 508 3833 17.
523 3779 571 3829 etc.
654 3769 684 3843 h>
698 3767 782 3829 Marc.
799 3770 821 3831 1.
839 3781 883 3832 18.
969 3769 1079 3848 01⁸0.
1104 3772 1138 3839 V.
1152 3786 1181 3843 tt·
1201 3738 1203 3745 Ι

118 3845 121 3856 “
261 3851 293 3923 a)
319 3849 561 3915 Ita-‚staur
661 3904 664 3912 ‚
1115 3892 1119 3899 .

425 4000 950 4038 m.
