2460 4560
724 195 739 230 Ι

491 322 722 353 .....
1072 337 1119 422 63

97 496 173 579 Quis
206 503 279 569 est,
311 491 459 583 Domine,
491 500 527 550 at
551 491 670 551 credam
700 493 733 552 in
749 490 858 553 ‘euml
904 492 944 554 Et
970 494 1054 556 dixit
1092 499 1121 556 ei

100 613 207 684 Jesas:
236 622 267 672 et
289 611 399 670 nidisti
421 627 510 684 eum,
539 617 569 667 et
589 608 644 687 qai
666 607 803 688 loquitur
829 620 950 683 tecam,
976 612 1039 689 ipse
1059 625 1115 673 est.

97 729 201 791 Alide
219 731 287 787 ait:
305 727 413 799 Credo,
431 724 569 784 Domine.
598 721 640 782 Et
649 724 808 802 procidens
827 725 973 785 adoravit
989 743 1055 785 eum
1068 713 1122 804 a).‘

96 835 210 931 Atqui
234 859 322 904 vero
343 833 414 904 hoc
433 830 595 902 Christus
618 853 663 898 ex
686 828 854 925 fc'riptura
874 829 1001 903 veteris
1019 851 1119 904 testa·

94 952 206 1025 menti
224 950 288 1021 loli
303 949 387 1022 Deo
406 967 609 1045 competere
623 945 757 1018 Satanae
771 948 918 1019 tentanti
936 948 1046 1020 edixit
1061 945 1118 1036 b):

99 1080 184 1140 Vade
200 1078 341 1166 Satana:¹
363 1076 515 1155 Scriptum
533 1085 579 1136 est
600 1075 702 1135 enim:
726 1063 891 1134 Dominum
909 1074 1008 1136 Deum
1031 1088 1120 1136 tettan

93 1193 259 1268 adorabis,
286 1204 316 1253 et
341 1182 462 1270 ilti'sou'
472 1189 604 1267 servies.
666 1189 748 1251 Tunc
773 1164 900 1272 reliquit
923 1210 991 1252 erem
1013 1191 1119 1254 diabo-

95 1313 158 1388 las,
188 1323 219 1373 et
241 1327 304 1370 ecce
328 1308 428 1385 angeli
455 1280 641 1369 accesserunt
653 1353 663 1384 ,
691 1318 722 1368 et
745 1307 961 1369 ministrabant
979 1311 1016 1370 ei.

169 1536 229 1607 Ex
259 1560 333 1630 quo
356 1532 435 1627 ipso
458 1531 531 1604 hoc
558 1531 764 1628 angelorum
787 1531 986 1613 ministerio
1011 1536 1117 1629 paulo

98 1671 179 1726 ante
211 1650 262 1722 D.
297 1649 445 1721 Paulum
481 1649 699 1721 divinitatem
736 1648 866 1750 Christi
906 1649 1118 1746 probantem

94 1768 307 1851 audivimus,
344 1765 405 1837 Ne
421 1766 636 1861 quis'autem
658 1784 857 1859 argutetur,
874 1773 950 1835 'esse
962 1767 1117 1860 'quoqne

93 1885 131 1956 in
168 1881 401 1955 ministerium
435 1881 620 1953 hominum
657 1883 834 1974 angelos,
872 1900 1134 1982 argumentum⁸

94 2019 304 2098 prosecutus
322 2000 526 2096 apostolus,
551 2015 654 2097 atque
676 2021 928 2095 praeoccupans
945 1997 1037 2070 hanc
1054 1998 1116 2070 ob·

96 2117 311 2190 iectionem:
351 2113 448 2202 „Ad
472 2141 577 2210 quem
596 2135 713 2187 autem
736 2112 770 2204 c)
796 2113 933 2212 [pergit
955 2116 1000 2187 ad
1023 2115 1115 2188 Psal.
1188 2173 1191 2180 .

97 2235 201 2306 CIX.
221 2257 441 2330 provocans,
472 2258 575 2328 quem
598 2231 714 2328 ipsum
741 2232 786 2304 de
808 2259 844 2303 se
871 2231 1117 2328 interpretatur

94 2350 236 2422 Matth.
257 2350 380 2425 XXII.
403 2347 591 2442 Christus]
621 2352 828 2445 angelorum
855 2349 944 2421 dixit
965 2348 1118 2444 aliquan·
1221 2430 1224 2437 Ι

96 2467 167 2539 do:
197 2467 287 2538 Sede
308 2493 329 2538 a
353 2465 484 2537 dextris
508 2466 614 2552 meis,
643 2467 875 2562 quoadusque
897 2492 1039 2561 ponam,
1056 2464 1132 2554 ini-¹

93 2585 208 2654 micas
247 2602 328 2654 tuos
366 2581 555 2654 scabellum
593 2585 724 2679 pedum
759 2583 953 2660 tuorum‘l,
981 2582 1117 2654 Nonne

96 2725 221 2773 omnes
244 2700 324 2770 sunt
342 2698 627 2798 administratorii
645 2700 807 2795 spiritus,
834 2701 870 2770 in
888 2697 1118 2771 ministerium
1210 2779 1214 2783 ,

94 2815 195 2888 missi
216 2840 361 2912 propter
384 2842 465 2903 eos,
489 2816 549 2911 qui
568 2813 806 2888 haereditatem
829 2813 968 2910 capient
992 2814 1118 2889 salutis.

93 2932 289 3028 Propterea
309 2931 546 3005 abundantius
569 2934 712 3028 oportet
737 2930 927 3005 observare
953 2959 1019 3005 nos
1033 3017 1035 3022 ¹
1051 2960 1092 3005 ea
1110 2938 1129 3020 ,'
1207 2950 1211 2976 ³

95 3073 175 3146 quae
190 3047 422 3138 audivimus,
447 3075 493 3120 ne
518 3050 609 3120 forte
638 3050 895 3146 pereffluamus.
955 3049 1000 3120 Si.
1022 3050 1117 3120 enim
1191 3101 1194 3143 5

97 3166 157 3261 qui
177 3191 241 3262 per
250 3168 403 3260 angelos
422 3166 534 3240 dictus
554 3186 605 3240 est
619 3167 752 3252 ferma,
780 3166 893 3238 faetus
914 3184 966 3237 est
983 3165 1116 3254 firmus,

96 3303 132 3354 et
152 3281 269 3353 omnis
294 3283 556 3378 praevaricati0,
583 3303 619 3356 et
641 3284 885 3355 inobedientia
912 3283 1048 3378 accepit
1067 3283 1118 3355 iu·

91 3419 191 3476 stam,
210 3399 380 3471 mercedis
405 3395 695 3487 retributionem,
723 3399 909 3494 quomodo
939 3425 1006 3471 nos
1034 3399 1118 3485 effuq

93 3516 254 3611 giemus,
281 3516 310 3587 si
334 3535 466 3589 tantam
497 3516 759 3612 neglexerimus
780 3514 987 3603 salutem‘l“
1029 3516 1126 3590 Per.

93 3632 210 3705 tinent
235 3632 311 3721 haec
337 3630 383 3705 ad
401 3629 587 3707 discrimen
610 3609 739 3705 veteris
766 3656 806 3705 ac
836 3633 922 3706 novi
947 3654 982 3706 et
997 3636 1119 3709 aeterni

94 3749 195 3846 (blaa
213 3763 299 3842 'eram
323 3760 437 3837 angelis
451 3758 590 3840 subiecit
612 3759 697 3821 Deus
717 3758 817 3822 orbern
846 3773 929 3825 terra
942 3759 1116 3840 satarum,

92 3877 132 3938 de
161 3894 224 3959 quo
260 3877 413 3959 loquimur
447 3864 493 3958 d)
529 3865 727 3941 testamenti
758 3895 823 3964 per
855 3868 1035 3941 Christum
1065 3869 1118 3939 Je-

92 4014 245 4092 2)J0.1x
259 4028 353 4088 35.ete.
376 4020 406 4096 l)
416 4019 515 4076 innon.
527 4019 586 4084 111,
595 4027 690 4082 tonte.
710 4019 740 4099 a)
751 4021 828 4081 nen.
842 4021 865 4082 l.
879 4032 920 4086 ις.
945 4017 1024 4092 d)1l·
1036 4017 1078 4079 ll·
1092 4033 1118 4086 5·
