2460 4560
749 160 755 188 l

470 288 702 332 ‘¹'—
961 393 963 396 ,
1020 325 1089 393 147

62 447 390 549 'bolislallocutus‚
430 466 540 544 prout
576 446 644 519 iam
681 467 897 522 contestatus
927 472 999 527 erat
1029 451 1089 544 a),

65 578 127 641 ideo
149 580 184 638 in
199 575 362 685 parobolis
385 575 493 658 loquor
518 577 581 651 eis,
620 577 697 655 quia
716 577 856 639 videntes
878 582 1088 659 nuncrident,

64 707 91 756 tt
130 695 291 756 audientes
323 710 382 752 non
415 693 573 766 3333333333,-
611 700 705 772 neque
735 693 934 770 intelligunt,
972 705 1089 793 tamen

63 799 203 894 adegit,
241 819 280 870 ut
307 796 375 893 ipsi
403 818 529 873 contra
554 811 591 867 se
621 799 826 870 sententiam
858 801 1011 886 ferrent,
1040 804 1089 872 ni·

60 916 190 988 mirum
216 915 261 986 de
287 906 429 987 duobus
456 914 553 1000 filiis,
572 930 734 1008 quorum
769 915 885 1013 primo
915 906 1004 989 dixit
1029 944 1089 1014 pa·

30 1054 110 1105 ‚ter
132 1030 191 1121 u)
229 1020 346 1118 „Fili,
373 1032 465 1104 vade
485 1030 614 1118 hodre
640 1058 788 1128 operare
808 1060 845 1103 m
870 1061 976 1108 vrnea
996 1062 1085 1109 mea

59 1149 123 1221 Ille
142 1168 260 1221 autem
285 1147 541 1245 respondens,
557 1147 622 1219 ait:
649 1147 761 1221 Nolo.
807 1148 935 1224 Postea
958 1165 1088 1242 autem,-

57 1264 269 1362 poenitentia
288 1285 428 1351 motus,
451 1263 546 1336 abiit„
596 1262 786 1338 Accedens
811 1251 927 1340 aute'in
947 1272 992 1377 ad
1008 1274 1088 1348 alte·

57 1410 139 1455 rum
172 1383 263 1454 dixit
296 1381 459 1455 fimiliter.
510 1381 904 1481 Atillerespondens,
931 1374 1000 1458 ait:
1027 1388 1086 1468 Eo

57 1499 242 1584 Domine;
271 1519 306 1570 et
332 1512 405 1570 non
432 1498 505 1571 ivit.
559 1499 650 1592 Quis
678 1526 722 1571 ex
749 1501 893 1574 duobus
918 1486 1000 1575 fecit
1023 1531 1087 1583 vo·

56 1619 230 1689 luntatem
244 1616 384 1712 patris?
410 1614 597 1688 Dicunt
567 1639 618 1687 er.
638 1596 786 1688 Primus
838 1617 938 1690 Dicit
955 1619 1086 1692 illisle·

56 1758 139 1811 sus.
154 1724 507 1831 Amendicovobis,
528 1732 822 1827 quiapublicani,
842 1736 1086 1809 etmeretrices
1165 1730 1167 1735 ’

56 1850 264 1948 praecedent
302 1876 370 1923 vos
410 1849 445 1918 in
487 1873 636 1945 regnum
676 1847 803 1918 Dei,“
903 1837 958 1927 Sic
998 1866 1087 1925 mox'

56 1968 94 2038 in
116 1967 289 2097 parabola
316 1966 361 2035 dc
381 1948 564 2050 vinitore,
584 1964 683 2036 cuius
708 1954 871 2058 agricolae
895 1968 1016 2039 servos
1039 1969 1086 2041 ad

57 2113 96 2157 se
115 2085 241 2157 missos
260 2086 351 2154 male
370 2076 626 2170 tractamine),
644 2080 836 2190 novissime
855 2083 959 2154 etiam
972 2074 1086 2158 filium

56 2194 266 2288 haeredem,
306 2194 418 2295 qualis
452 2197 613 2270 Christus
649 2223 714 2269 nos
745 2184 849 2269 etiam
882 2189 1086 2273 cohaeredes

58 2339 145 2391 tunc
169 2317 423 2389 constituturus
451 2334 525 2387 erat
554 2305 610 2404 d),
638 2341 774 2412 „quem
798 2305 961 2389 videntes
987 2317 1086 2389 dixe

57 2456 143 2508 runt
165 2434 257 2506 intra
281 2459 336 2504 se:
363 2431 441 2513 Hic
465 2452 518 2503 est
543 2425 688 2503 Haeres:
716 2419 855 2520 venite,
883 2421 1086 2509 occidamus

49 2578 161 2638 eum,
190 2569 226 2622 et
249 2548 458 2621 habebimus
483 2537 783 2620 haereditatem
754 2574 838 2619 erus·
894 2539 942 2638 Et
965 2565 1086 2658 appre·
1160 2571 1193 2645 j

57 2669 213 2740 hensum
241 2684 320 2739 eum
352 2665 531 2737 eiecerunt
563 2676 662 2736 extra
683 2661 847 2748 vineam,-
884 2684 919 2736 et
947 2665 1088 2738 occide·

57 2803 153 2857 runt.
217 2783 312 2856 Cum
344 2806 430 2876 ergo
456 2779 600 2875 'venerit
618 2763 860 2851 Dominus
825 2806 962 2868 3333333,-
998 2768 1085 2879 quid
1150 2816 1153 2830 ‚

57 2901 164 2974 faciet
188 2898 349 3028 agricolis
377 2893 475 2969 illis?
513 2897 611 2969 aiunt
632 2897 700 2969 illi:
736 2886 862 2968 Malos
892 2901 983 2969 male
1009 2926 1086 2994 per·

59 3019 142 3104 det,
181 3035 216 3088 33
243 3016 384 3127 vineam
415 3004 510 3086 suam
536 3001 670 3085 locabit
703 3004 777 3084 aliis
804 3012 986 3114 agricolis,
1024 3015 1087 3110 qui

58 3134 213 3207 reddant
242 3123 273 3204 33
302 3133 456 3204 fructum
477 3118 703 3227 temporibus
731 3118 828 3201 suis
817 3129 868 3182 ‘W‘
942 3120 1087 3221 Quibus

58 3251 223 3348 profecto
257 3227 343 3320 nibil
379 3249 679 3357 accommodatius
719 3246 787 3318 dici
824 3245 984 3340 potuisse
1018 3261 1086 3321 nos'

58 3365 215 3438 maxime
237 3363 457 3466 experimur,
486 3349 649 3465 quibus
641 3352 676 3433 m
702 3381 857 3433 nostram
881 3363 1085 3458 salutemur

58 3508 186 3556 eorum
216 3484 336 3553 locum
377 3505 422 3551 ex
449 3493 535 3572 gent
522 3469 615 3549 tibus
644 3470 760 3550 electis
798 3476 903 3550 vinea
935 3448 1088 3587 Domini

58 3603 178 3673 locata
196 3616 271 3669 est:
297 3597 367 3679 iam
389 3609 474 3667 tu'nc
499 3611 587 3667 'vero
608 3583 676 3703 ipsi
700 3591 802 3662 etiam
830 3588 866 3680 e)
892 3622 960 3664 cum
986 3597 1089 3669 audis·
1108 3677 1110 3683 7

57 3737 126 3790 seut
153 3726 310 3805 principes
332 3721 534 3802 sacerdotum
563 3730 592 3784 et
580 3708 772 3784 thoriraer'
801 3722 972 3800 parabolas
998 3727 1087 3800 eius,

102 3867 136 3943 a)
150 3865 250 3920 Maris.
273 3851 358 3941 xrrr‘.
418 3852 448 3940 3)
464 3851 504 3923 u.
525 3838 607 3922 ’33333
629 3861 673 3922 ss.
733 3859 761 3936 c)
779 3849 816 3918 n.
835 3861 880 3931 33.
903 3936 907 3941 ι
939 3850 969 3936 3)
985 3861 1024 3917 n.
1044 3871 1087 3928 33.

150 3947 240 4022 e)1t.
264 3960 309 4015 45·
636 4016 717 4101 K2
1032 3974 1041 3987 ¹
