2460 4560
99 496 216 576 'euml
235 494 387 585 ,Dicunt
406 494 463 568 ei:
491 493 653 569 Domine
678 494 784 583 veni,
813 512 848 569 et
873 496 967 570 vide.
1018 495 1068 569 Et
1087 496 1135 569 la·

101 636 280 715 erymatus
304 635 359 686 est
378 614 490 689 Jesus.
539 611 724 686 Dixerunt
746 640 833 710 ergo
859 613 996 686 ludaei:
1034 614 1131 686 Ecce

100 733 293 830 quomodo
317 731 459 806 amabat
487 756 582 803 eum.
645 728 803 823 Quidam
828 751 946 804 autem
977 751 1023 802 ex
1048 727 1132 824 ipsis

100 851 295 925 dixerunt:
348 848 438 921 Non
467 865 610 944 poterat
639 847 720 934 hic,
757 845 819 944 qui
845 847 981 945 aperuit
1006 847 1133 919 oculos

100 968 183 1043 caeci
210 966 311 1053 nati,
349 967 487 1052 facere,
514 986 554 1037 ut
578 963 636 1036 hic
662 990 738 1039 non
761 965 993 1038 moreretur?
1032 963 1133 1036 Jesus

100 1109 188 1180 ergo
216 1109 358 1156 rursum
381 1084 534 1156 fremens
561 1080 598 1153 in
623 1080 833 1178 semetipso,
860 1082 959 1157 venit
985 1083 1030 1154 ad
1057 1106 1133 1152 mo·
1177 1136 1179 1141 ,

87 1189 340 1278 numentum:
379 1219 453 1276 erat
478 1220 593 1273 autem
622 1201 806 1296 lpelunca:
848 1220 883 1272 et
907 1198 995 1297 lapis
1013 1200 1132 1294 super·

99 1318 239 1417 positus
263 1336 336 1390 erat
356 1316 399 1390 ei.
434 1314 500 1389 Ait
518 1317 637 1388 Jesus:
667 1315 807 1388 Tollite
829 1316 992 1414 lapidem.
1030 1314 1132 1387 Dicit

100 1436 130 1508 ei
157 1435 330 1522 Martha,
360 1436 461 1507 soror
488 1432 585 1520 eius,
612 1433 673 1529 qui
699 1453 860 1509 mortuus
885 1423 1021 1506 luerat:
1046 1430 1130 1504 ¹Do-

100 1551 217 1640 mine,
244 1551 314 1626 iam
335 1551 451 1639 loetet,
477 1549 731 1646 quatriduanus
754 1571 807 1624 est
828 1551 931 1624 enim.
980 1548 1082 1626 Dicit
1099 1547 1132 1620 ei
1170 1584 1174 1598 ι

100 1669 218 1743 Jesus:
249 1667 386 1740 Nonne
405 1668 479 1767 dixi
498 1666 580 1755 tibi,
608 1666 781 1762 quoniam
801 1668 828 1738 si
849 1667 1060 1751 credideris,
1083 1663 1138 1738 vi·'

101 1784 203 1858 debis
225 1785 376 1886 gloriam
395 1783 496 1856 Dei?
518 1785 701 1858 Toleruut
723 1810 808 1878 ergo
828 1784 1004 1882 lapidemz
1029 1780 1130 1852 Jesus'

102 1924 219 1980 autem
239 1901 383 1977 elevatis
400 1904 536 1981 sursum
558 1899 690 1987 oculis,
718 1899 830 1972 dixitz-
857 1901 979 1987 Pater,
1002 1897 1130 1995 gratias
1149 1908 1154 1927 ¹

99 2046 167 2116 ago
198 2017 288 2107 tibi,
322 2017 493 2114 quoniam
517 2016 647 2121 audisti
675 2044 755 2092 me:
795 2017 878 2115 Ego
904 2036 1021 2092 autem
1048 2015 1131 2089 scie·
1188 2045 1192 2054 ·

98 2137 203 2222 bam,
223 2134 464 2237 quiasemper
481 2162 537 2208 me
556 2135 675 2223 audis,
695 2135 756 2209 sed
773 2155 921 2233 propter
941 2137 1129 2238 populum,

99 2252 160 2350 qui
188 2250 410 2340 circumstat,
436 2251 530 2330 dixi:
567 2273 607 2326 ut
629 2253 793 2341 credant,
820 2253 902 2349 quia
928 2273 966 2334 tu
988 2281 1045 2337 me
1067 2253 1131 2331 mi·

98 2369 184 2447 sisti,
193 2372 217 2407 “
265 2369 324 2447 En
344 2396 503 2457 causam,
531 2396 593 2442 cur
615 2369 887 2466 benignissimus
906 2355 1009 2450 lesus
1029 2389 1130 2474 tango

98 2487 157 2585 liic
188 2505 361 2583 apparatu
386 2486 438 2559 uti
469 2485 602 2558 voluit:
631 2488 797 2583 quicum
827 2507 994 2574 mortuae,
1022 2513 1127 2582 quam

98 2602 394 2689 memoravimus,
413 2604 583 2701 principis
599 2605 678 2682 liliae
693 2604 848 2698 (reiectis
861 2604 1063 2676 tibicinibus
1078 2601 1133 2695 a),

99 2741 135 2795 et
158 2720 264 2799 turba
286 2724 540 2809 tumultuante,
568 2721 698 2795 derisui
720 2723 824 2799 etiam
850 2749 886 2795 se
913 2748 1130 2818 exponens,

102 2866 186 2913 curn
210 2837 363 2927 diceret,
380 2842 536 2937 puellam
560 2867 634 2916 non
657 2868 733 2917 esse
752 2859 948 2925 mortuam,
971 2840 1031 2910 sed
1051 2839 1130 2917 dor·

98 2952 214 3044 miro)
242 2981 385 3031 manum
417 2957 723 3052 apprehenderet,
749 2958 861 3039 statim
882 2957 940 3028 illa
962 2956 1127 3041 surrexit;

98 3056 407 3169 quemadmodum
432 3074 535 3144 etiam
559 3056 674 3147 viduae
701 3075 812 3147 filium
837 3074 1022 3169 unicum-a
1039 3097 1132 3143 mor·

98 3190 169 3262 tuis
204 3188 407 3289 suscitavit,
443 3216 524 3262 cum
556 3193 602 3270 ad
630 3194 854 3290 sepulchrum
886 3193 1131 3287 deportaretur

98 3335 177 3380 non
205 3306 272 3379 nisi
293 3309 452 3380 loculum
477 3310 683 3404 tangendo,
697 3329 814 3410 atque
837 3307 1053 3390 adolescenti
1080 3306 1130 3376 di-

99 3425 238 3509 eendo,
265 3443 305 3495 ut
327 3425 575 3526 surgeretafic
596 3426 783 3526 imperavit
803 3424 935 3509 ventis,
965 3443 999 3494 et
1019 3423 1127 3513 febri,

97 3543 151 3615 uti
182 3542 405 3646 paralytico,
446 3563 485 3614 ut
520 3545 659 3622 tolleret
690 3544 898 3642 grabatum:
939 3559 1127 3639 utrumque

96 3653 254 3753 sanavit,
290 3661 367 3730 solo
397 3659 592 3737 voluntatis
622 3681 712 3733 nutu
746 3656 950 3749 absentibus
981 3684 1128 3755 quoque

94 3776 281 3849 sanitatem
308 3774 476 3876 restituit,
502 3777 736 3873 praesentibus
759 3799 845 3847 vero
867 3801 991 3847 manus
1014 3776 1128 3872 impo·
1181 3845 1186 3855 ,

96 3893 240 3978 nendo,
270 3895 477 3989 tangendo,
504 3896 581 3968 solo
605 3895 707 3967 etiam
734 3911 827 3970 tactu
855 3892 1002 3970 fimbria:
1026 3892 1128 3967 vesti·

136 4048 169 4119 o)
197 4042 297 4102 Muta
324 4043 377 4106 IX.
399 4057 442 4114 23.
464 4055 510 4107 etc.
