2444 4538
170 351 239 436 136

165 501 255 585 lam,
283 497 341 570 cui
370 485 549 595 praemittit
567 496 662 592 apud
687 496 905 582 Matthaeum
931 498 1098 593 Christus
1117 525 1183 576 urar
1199 531 1216 579 ‚r

166 615 269 702 brevi
293 616 462 689 sententia
493 615 601 687 finem
632 613 805 714 adventus
831 614 881 708 sui
906 615 943 686 in
969 637 1097 691 terram
1123 616 1209 713 cah-1}

171 743 262 820 Venit
284 747 363 819 ¹euim
384 742 472 819 filius
501 742 634 802 hominis
647 739 780 818 sulpure
803 743 886 822 quod
908 715 1070 823 perierat,⁸
1109 734 1180 811 canl
1201 732 1216 805 i:-

156 849 320 952 ·demque
345 847 491 945 reperit,
519 874 599 920 cum
621 867 893 936 murmurarent,
920 863 1005 941 quod
1029 866 1073 925 ad
1092 866 1212 935 homile

164 994 233 1052 nem
249 958 441 1057 peccatorem
468 978 643 1050 divertisset
669 965 859 1050 Zachaeum
885 965 1049 1050 nimirum
1073 972 1179 1068 publi·
1199 1022 1207 1030 --

166 1109 314 1169 canum,
306 1108 448 1182 quem
477 1108 584 1162 ovem
612 1082 788 1176 perditam
817 1107 978 1178 quaerens
1006 1089 1051 1158 ad
1070 1091 1178 1186 poeni·
1205 1118 1212 1158 ε

164 1199 310 1272 tentiam
341 1199 585 1289 adduxeratb
566 1194 626 1285 bl:
671 1199 802 1284 „Stans
837 1220 955 1285 autem
989 1203 1211 1294 Zachaeus„

166 1316 257 1389 dixit
274 1317 321 1389 ad
337 1316 557 1407 Dominum:
580 1297 675 1403 Ecce
694 1315 876 1404 dimidium
894 1317 1073 1413 bonorum
1091 1348 1178 1394 meo·
1205 1353 1213 1396 t

164 1461 266 1524 num,
285 1433 489 1540 Domine,
486 1434 534 1505 do
556 1432 796 1546 pauperibus:
826 1451 908 1505 etsi
900 1433 1017 1529 quid
1035 1437 1178 1534 aliquem
1203 1446 1211 1529 ς

167 1532 397 1641 defraudavi,
426 1532 541 1640 reddo
559 1535 814 1646 quadruplum.
866 1550 983 1622 Aah
966 1578 1045 1646 {sus
1075 1576 1122 1627 art
1140 1556 1178 1627 ad
1191 1530 1212 1588 ⁸³

154 1695 270 1759 eum:
312 1666 442 1776 Quia
438 1668 547 1757 hodie
578 1669 669 1758 salus
704 1666 828 1757 domui
862 1642 945 1755 hriic
1010 1697 1074 1742 ra
1108 1693 1177 1744 est:

168 1787 315 1883 eoquod
345 1807 381 1858 et
415 1785 494 1881 ipse
524 1783 615 1865 filius
650 1783 691 1873 fit
728 1784 890 1860 Abrahae.
929 1785 1066 1871 aV-enit
1091 1790 1176 1860 enim
1209 1834 1211 1863 ;

166 1905 260 1978 lilius
292 1901 444 1990 hominis
475 1927 652 1997 quaerere,
689 1918 724 1972 et
752 1902 885 1991 salvum
914 1902 1054 1991 facere,
1086 1906 1176 2000 quod

166 2020 329 2116 perierat.
350 2022 372 2075 -“
450 2019 541 2111 Quae
585 2037 639 2106 est
676 2016 797 2108 divina
830 2018 1018 2115 Evangelii
1057 2022 1180 2096 Christi
1211 2040 1216 2081 5

167 2135 377 2228 oeconomia,
479 2125 482 2129 ⁴
1203 2144 1209 2171 ‘

168 2439 171 2444 .
240 2366 368 2443 Fa‘ctus
391 2361 548 2458 est‘tunc
575 2368 747 2459 Zachaeus
769 2356 854 2458 nerei
880 2370 974 2455 filius
1000 2368 1179 2462 Abrahae,
1210 2411 1212 2415 ’

165 2490 203 2578 in
229 2489 327 2562 cuius
353 2487 483 2575 semine
505 2487 760 2577 benedicendae
790 2508 888 2574 erant
912 2516 1039 2573 omnes
1065 2512 1179 2587 gentes
1209 2513 1221 2525 ”

165 2633 230 2706 per
257 2606 438 2695 Christum
467 2606 683 2694 redimendae
712 2631 733 2691 a
760 2605 925 2695 servitute
950 2608 1088 2702 peccati
1111 2633 1177 2678 non

165 2744 308 2797 terreno
337 2750 399 2818 per
421 2721 597 2806 Messiam
619 2722 813 2809 constituto
835 2748 970 2817 regno,
998 2728 1103 2820 quale
1128 2751 1180 2796 ex·

164 2824 373 2938 spectabant
392 2839 527 2937 ludaei,
555 2839 600 2909 de
628 2839 756 2932 quibus
784 2829 1031 2943 Evangelista',
1066 2893 1088 2928 ,,
1098 2841 1180 2913 Haec

165 2959 250 3045 illis,
274 2952 459 3054 pergite),
487 2954 711 3044 audientibus
736 2956 903 3033 adiiciens
926 2955 1017 3039 dixit
1039 2960 1182 3054 parabo·
1212 2996 1220 3027 ,¹

151 3056 254 3162 alam,
275 3064 428 3169 ¹eoquod
456 3092 546 3156 esset
566 3064 680 3169 prope
703 3072 917 3157 Jerusalem:
946 3094 982 3153 et
1006 3075 1091 3170 quia
1116 3075 1182 3147 exi·
1216 3078 1219 3083 ’

164 3193 364 3280 stirnarent,
393 3191 490 3284 quod
513 3189 698 3274 confestim
724 3216 873 3284 regnum
897 3189 971 3272 Dei
991 3191 1184 3264 manifesta·

164 3330 271 3395 retur,
336 3305 442 3393 Dixit
472 3333 580 3402 ergo:
616 3305 738 3378 Homo
768 3306 911 3402 quidam
940 3307 1071 3391 nobilis
1104 3309 1196 3381 abiit

164 3427 202 3496 in
227 3423 411 3520 regionem
437 3424 669 3519 longinquam
691 3424 850 3520 accipere
876 3424 938 3495 fibi
955 3445 1187 3519 'regtrum,·et

165 3531 305 3613 reverti.
356 3540 503 3626 Vocatis
533 3561 650 3629 autem
676 3542 799 3626 decern
828 3540 934 3614 servis
960 3541 1054 3628 suis,
1090 3542 1187 3614 dedit

166 3656 215 3729 eis
245 3658 368 3741 decem
401 3683 520 3757 mnas,
561 3678 596 3746 et
621 3657 669 3746 ait
694 3660 739 3744 ad
765 3661 867 3731 illos:
916 3657 1186 3752 Negotiamini‚

167 3774 253 3845 dum
279 3773 398 3844 venio.
453 3774 560 3863 Cives
588 3795 705 3862 autem
733 3774 807 3847 eius
834 3778 1117 3848 oderanteum:
1143 3795 1189 3849 ,et

163 3891 335 3982 miserunt
360 3889 573 3983 legationem
600 3912 684 3990 post
707 3893 827 3981 illum,
863 3893 1047 3966 dicentes:
1090 3897 1189 3966 nolu·

203 4037 235 4116 a)
255 4037 355 4100 ararat.
380 4037 494 4098 aazia
520 4055 560 4103 n.
647 4046 677 4120 a)
697 4045 758 4102 aaa.
784 4043 867 4103 arna
890 4058 917 4113 τι
1002 4043 1034 4120 ι),
1055 4045 1096 4108 n.
1123 4027 1166 4107 ιι
