2460 4560
207 348 279 430 348
523 322 763 395 Ξ,
795 378 798 381 .

62 466 177 553 Ctl’vi
203 493 351 564 salvaret
382 509 469 574 nos,
507 482 571 556 sed
604 483 711 557 etiam
743 481 850 559 fieret
881 509 960 584 pro
987 481 1083 558 nobis

65 607 171 667 Wl-
203 607 429 682 maledictum
461 603 654 699 suspensus
687 600 726 675 in
764 627 886 676 cruce.
958 613 1085 689 Onustus

49 721 257 799 witot
277 733 403 796 redemit
425 733 463 793 de
484 730 647 794 maledicto
669 729 761 808 legis,
782 730 901 811 sactus
918 750 984 812 pro
1008 731 1085 794 nobit

204 850 424 924 maledictum,·
451 850 527 931 quia
540 845 697 928 scriptum
721 858 791 909 est:
817 845 1016 911 Maledictus
1029 865 1084 907 om·

205 973 273 1045 nis,
307 968 363 1048 qui
388 963 504 1046 pendet
533 965 566 1025 in
600 965 681 1040 liguo
711 950 762 1043 a).
843 954 1084 1028 Maledictum

204 1077 402 1169 serpentem
434 1071 484 1143 ob
517 1070 761 1144 seductionem
794 1071 1002 1169 primorum
1032 1095 1083 1166 pa·

204 1209 346 1263 rentum
368 1188 405 1259 in
427 1188 606 1285 paradyso
628 1188 817 1277 novimus,
845 1189 939 1261 dum
966 1215 1014 1261 ex
1029 1186 1082 1282 lig·

200 1332 256 1400 ‘no
285 1304 398 1381 vetito
424 1304 628 1378 comedunt.
696 1305 896 1380 Rationem
929 1305 1019 1401 legis
1043 1302 1082 1375 ab

204 1425 372 1518 apostolo
390 1443 592 1499 memoratae
614 1422 817 1497 habuerunt
838 1422 977 1510 ludaei,
1005 1421 1083 1494 dum

203 1539 331 1613 iubent
349 1540 463 1634 frangi
484 1539 736 1614 crucifixorum
758 1565 881 1626 crura,
911 1566 960 1612 ne
984 1564 1083 1611 rema·

206 1678 333 1730 nerent
356 1681 509 1753 corpora
532 1682 657 1729 eorum
681 1657 851 1743 sabbato,
889 1678 970 1731 erat
997 1655 1080 1730 enim

205 1800 355 1870 magnus
374 1775 448 1846 dies
464 1774 522 1846 ille
541 1774 691 1862 sabbath
711 1776 771 1848 sed
785 1773 958 1847 Christus
975 1792 1079 1846 morte

204 1893 265 1967 lua
291 1891 359 1962 iam
385 1876 627 1988 praevenerat,
654 1893 689 1965 in
715 1917 789 1990 quo
814 1890 959 1988 impleri
984 1915 1083 1988 opor·

206 2009 304 2081 tebat
326 2036 470 2081 omnem
493 1992 933 2106 scripturam‚lactusque
952 2030 1005 2083 est
1020 2033 1083 2078 ma·

204 2124 373 2197 ledictum
395 2126 483 2199 illud
509 2154 577 2223 pro
604 2129 707 2200 nobis
729 2127 764 2198 in
793 2152 899 2200 cruce
925 2127 1083 2224 pendens

204 2240 241 2312 in
263 2241 362 2336 ligno
387 2243 498 2316 Deut.
523 2246 629 2317 XXI.
655 2271 710 2320 22.
741 2269 803 2318 etc.
836 2256 906 2316 Non
928 2270 1083 2335 permane·

204 2368 251 2429 bit
272 2369 407 2431 cadauer
427 2373 491 2441 eius
512 2374 544 2432 in
562 2373 664 2449 ligno,
680 2370 792 2450 sedin
814 2373 921 2434 eudem
945 2369 1083 2451 diesepe·

203 2486 314 2571 lietur,
342 2488 419 2568 quia
442 2489 622 2555 maledictus
643 2508 664 2549 o
688 2489 753 2555 Deo
778 2501 825 2550 est
854 2477 998 2572 (Hebr.
1017 2504 1082 2549 ma·

202 2592 347 2666 ledietio
375 2591 448 2665 Dei
475 2590 555 2683 est)
581 2608 636 2686 qui
652 2607 767 2685 pendet
788 2609 820 2667 in
846 2605 957 2682 ligno.-
985 2618 1015 2668 et
1039 2623 1080 2666 ue·

196 2739 361 2803 ‚quaquam
381 2723 603 2784 contaminabis
626 2734 742 2788 terram
765 2736 874 2799 tuam,
903 2741 1002 2804 quam
1025 2720 1080 2781 Do-

201 2840 303 2898 minus
321 2836 406 2899 Deus
424 2851 496 2899 tuus
515 2839 599 2899 dedit
618 2840 675 2901 tibi
696 2845 729 2902 in
741 2843 976 2921 possessionem.
1004 2827 1078 2900 Ma·

199 2943 428 3016 l'edictionem
453 2945 546 3016 hanc
565 2946 610 3017 ad
633 2946 891 3018 redemtionem
915 2967 1077 3029 nostram,

198 3061 517 3154 liberationemque
544 3086 564 3131 a
595 3063 784 3134 maledicto
806 3063 964 3159 suscepit
986 3061 1080 3133 Chri-

197 3199 272 3251 stus
293 3177 331 3247 in
354 3176 453 3271 ligno
476 3177 589 3250 crucis
614 3184 803 3269 exaltatus,
828 3181 916 3252 sicut
937 3182 1080 3277 serpeus

198 3320 317 3368 aeneus
348 3320 368 3365 a
397 3293 536 3391 Moyse
565 3295 603 3367 in
634 3298 784 3371 deserto.
854 3295 941 3389 Qua
972 3298 1019 3369 de
1044 3321 1079 3366 re

196 3412 352 3487 Justinus
371 3411 432 3488 Μ.
453 3410 538 3486 dicit
555 3411 592 3503 b)
608 3439 630 3494 z,
653 3415 853 3512 „Moysen
879 3412 967 3487 Deo
996 3411 1080 3510 aspi·

196 3550 320 3616 rante,
349 3549 384 3602 et
411 3530 654 3627 praecipiendo
680 3532 910 3628 impellente,
938 3557 997 3604 aes
1028 3556 1080 3606 ac·

198 3648 356 3741 cepisse,
385 3668 420 3721 et
445 3648 556 3721 crucis
580 3648 733 3746 effigiem
758 3649 937 3722 effecisse:
952 3651 974 3688 ‘⁶
1003 3672 1078 3718 rem

195 3759 308 3855 ipsam
330 3793 419 3838 vero
442 3766 520 3863 ipse
544 3765 707 3840 Christus
732 3766 940 3841 Nicodemo
966 3765 1077 3836 decla·

194 3897 266 3964 rat,
303 3904 638 3980 consummaturque
671 3884 709 3955 in
742 3885 813 3955 hoc
848 3870 887 3956 ei
920 3871 1008 3979 ὑψος
1041 3884 1076 3953 in

236 4029 267 4102 a)
292 4028 348 4086 Gal.
373 4029 428 4093 ΙΙΙ.
453 4045 496 4102 13.
580 4037 611 4111 t)
631 4036 665 4092 In
684 4035 755 4106 Apol.
778 4034 803 4096 Ι.
826 4053 852 4096 ¹¹·
875 4037 920 4097 ⁶0·
940 4048 969 4108 t·
993 4048 1037 4103 79·
