2460 4560
170 304 244 386 raia
556 304 792 360 ΞΕ

115 448 129 461 ‘¹
168 442 277 554 aqua:
304 478 336 533 tt
360 488 424 534 ecoe
449 468 550 550 aperti
565 463 647 544 sunt
672 465 761 527 culi:
796 475 827 530 et
850 465 936 528 vidit
948 461 1110 548 inn'tum
1134 460 1186 533 uel

165 587 389 653 descendentem
401 583 483 663 ficut
506 583 694 660 columbam,
722 595 754 645 et
770 585 939 646 uenientem
948 585 1053 667 super
1075 605 1118 650 se.
1151 587 1186 649 n

165 676 319 769 eccetvox
343 705 381 769 dc
402 704 481 771 colis
507 702 628 766 dicens:
656 699 714 761 Hic
741 712 786 762 est
809 699 908 763 Filius
932 720 1027 765 meus.
1044 705 1187 782 dilectum

164 824 201 883 in
231 843 292 906 quo
327 822 404 883 milri
433 819 612 900 complacui.
640 884 641 889 η
677 807 768 900 Quae
800 806 924 878 eadem
953 807 1088 883 iterum
1116 835 1186 885 vox

166 948 253 1026 post
271 927 614 1022 transfigurationem
638 923 770 996 Christi
789 923 826 995 in
847 944 971 997 monte
989 927 1114 1001 audita
1130 947 1185 1014 est,

167 1047 223 1122 his
253 1043 397 1118 adiectis
428 1043 566 1118 verbis:
605 1052 709 1132 Ipsum
728 1053 854 1128 orruitc,
875 1062 985 1138 prout
1003 1044 1105 1142 apud
1124 1064 1186 1117 tres

166 1162 413 1257 Evangelistae
442 1159 682 1245 Matthaeum,
716 1159 888 1238 Marcum
921 1179 955 1234 et
982 1160 1121 1236 Lucam
1144 1165 1186 1235 le.

166 1300 309 1376 guntur.
348 1278 451 1350 Dum
470 1302 558 1349 vero
579 1276 612 1348 S.
635 1276 788 1353 loannes
808 1275 1061 1372 Evangelista‚
1081 1298 1184 1352 totam

83 1406 88 1418 “
165 1395 261 1485 illam
288 1392 624 1490 transfigurationis,
658 1393 714 1466 cui
736 1394 813 1490 ipse
839 1419 920 1466 eum
945 1394 1057 1468 Petro
1079 1415 1114 1469 et
1136 1395 1184 1466 la·

167 1512 263 1587 cobo
292 1513 435 1598 aderat,
469 1494 704 1588 narritionem
735 1509 872 1586 srlentio
902 1513 1080 1606 praeterit:
1116 1509 1184 1584 eius

166 1631 322 1706 facturus
351 1627 569 1704 mentionem
600 1626 639 1702 in
669 1628 729 1704 sua
762 1627 924 1729 Epistola
951 1629 1111 1730 secunda
1136 1627 1179 1699 D.

166 1748 292 1822 Petrus
315 1746 424 1823 nobis,
436 1743 611 1842 promittit
637 1743 765 1838 (quod
785 1743 822 1814 iu
841 1744 909 1819 suis
925 1745 1181 1823 successoribus

166 1892 326 1964 perenne
350 1862 438 1951 erit,¹
460 1882 500 1935 ut
518 1862 556 1934 in
578 1888 700 1941 eorum
722 1860 976 1970 communione
996 1873 1084 1935 beuti
1106 1861 1182 1946 srnt,

166 1997 222 2074 qui
242 1994 375 2054 audiunt
397 1990 525 2055 veroum
549 1986 610 2049 Dei
636 2001 667 2050 et
694 1989 870 2050 custodiunt
892 1974 998 2067 illud)
1025 1980 1182 2053 daturum

16 2185 20 2199 1
96 2131 99 2136 ·
164 2125 205 2170 se
232 2123 400 2192 operam,
438 2113 477 2166 ut
501 2113 585 2189 post
609 2090 747 2165 obitum
775 2097 875 2168 suum
901 2097 1033 2171 horum
1058 2122 1182 2168 memo·

165 2215 252 2288 riam
282 2211 475 2291 faciamus:
523 2209 649 2295 „Non
683 2210 798 2297 enim,
836 2211 934 2289 addit
963 2208 1027 2302 o),
1063 2214 1181 2287 doctas

163 2331 301 2408 fabulas
321 2328 430 2403 lecuti
454 2345 575 2397 notam
600 2324 746 2400 fecimus
770 2327 874 2400 vobis
902 2328 1056 2405 Domini
1075 2330 1182 2407 nostri

165 2450 247 2523 Jesu
273 2445 405 2542 Christi
418 2443 593 2517 ⁴virtutem
612 2464 649 2514 et
673 2445 917 2540 praesentiam:
938 2448 1007 2538 *sed
1033 2449 1182 2545 specula·

163 2587 260 2640 tores
282 2563 363 2636 facti
385 2560 475 2634 illius
500 2561 761 2656 magnitudinis.
818 2558 1011 2659 Accipiens
1040 2565 1137 2646 enim
1164 2589 1182 2634 a

165 2683 251 2754 Deo
283 2681 386 2758 Patre
413 2680 649 2751 honoremet
675 2678 824 2772 gloriam
854 2706 945 2755 voce
969 2681 1117 2779 delapsa
1142 2680 1182 2753 ad

51 2792 52 2797 ἵ
165 2825 245 2875 eum
268 2796 514 2873 huiuscemodi
539 2822 560 2874 a,
586 2795 772 2890 magnifica
792 2795 922 2892 gloria:
958 2795 1029 2889 Hic
1057 2817 1112 2875 est
1133 2798 1183 2868 Fi-

164 2916 230 2989 lius
255 2939 353 2991 meus
379 2913 542 2999 dilectus,
565 2911 602 2983 in
622 2938 695 3008 quo
714 2913 798 2982 milri
819 2914 1040 3009 complacui,
1067 2915 1182 3012 ipsum

164 3033 293 3114 audite.
364 3030 412 3106 Et
435 3030 527 3100 hanc
550 3054 680 3105 vocem
708 3057 774 3102 nos
801 3031 998 3108 audivimus
1026 3031 1072 3103 de
1095 3032 1190 3111 coelo'

163 3155 322 3235 allatam,
341 3172 422 3219 cum
441 3171 593 3220 essemus
613 3171 692 3219 curn
713 3146 795 3242 ipso
814 3148 851 3219 in
872 3167 995 3241 monte
1017 3150 1182 3225 saucto.“

162 3268 195 3341 S.
226 3267 380 3340 loannes
405 3289 485 3337 cum
509 3261 616 3336 Petro
647 3289 804 3358 praesens
831 3265 1051 3360 singulariter
1079 3265 1183 3344 nobis

159 3389 358 3460 sermonem
387 3380 486 3453 illum
518 3380 778 3468 conservavit,.
798 3381 859 3477 qui
892 3409 964 3453 rem
991 3381 1108 3478 ipsam
1135 3386 1183 3456 lu·

160 3507 318 3578 culenter
359 3497 517 3572 edisserit
548 3498 612 3570 sub
640 3499 813 3595 parabola
827 3498 984 3596 ,pastoris
1008 3499 1089 3574 Filii
1111 3497 1181 3579 Dei

127 3638 129 3643 ·
158 3614 296 3702 dilecti,
325 3617 423 3692 cuius
448 3642 578 3692 vocem
606 3641 693 3697 oves
725 3615 799 3687 eius
826 3616 996 3690 audiunt:
1034 3668 1057 3704 ,‚
1069 3617 1180 3703 Huic,

157 3736 205 3808 ait
231 3730 292 3823 li),
328 3734 489 3807 ostiarius
518 3734 652 3829 aperit,
690 3753 725 3807 et
754 3758 842 3807 oves
873 3757 1002 3812 vocem
1025 3734 1101 3808 eius
1126 3761 1208 3809 au·=

156 3854 285 3938 diunt,
331 3869 366 3920 et
402 3851 562 3946 proprias
597 3877 684 3926 oves
727 3869 834 3924 vocat
869 3849 1107 3944 nominatim,
1146 3868 1178 3924 et

198 4003 228 4076 n)
254 4002 294 4062 11.
323 4001 395 4058 Pur.
424 3998 451 4054 1.
480 4013 522 4064 ις.
606 4000 656 4095 Ιό)
673 4003 718 4070 Jo.
745 4001 781 4068 X.
805 4013 831 4072 3.

70 4208 176 4300 h
