2460 4560
1054 373 1103 441 73

87 511 142 574 baec
163 511 374 573 terrimoruum
393 509 555 589 perhibent
579 508 616 570 dt
639 527 695 571 me.
746 498 795 571 Et
818 517 962 596 postea:
996 509 1104 572 Multa

90 629 162 690 ῠοηα
188 645 285 708 opera
313 628 430 687 ostendi
460 625 547 686 uobis
569 643 607 686 cx
634 626 728 686 Patre
752 644 840 703 meo,
870 627 1106 717 propterquod
1185 693 1198 716 ο

88 762 188 806 torum
214 761 292 822 opus
309 762 356 804 me
378 741 553 822 lapidatis?
588 731 656 802 Est
679 733 754 803 haec
776 731 897 803 divina
919 731 1107 828 Evangelii
1213 733 1220 743 ’

90 849 222 920 Christi
244 850 445 921 oeeonomia
465 847 583 918 Verbi
597 847 765 919 incarnati
782 832 868 920 'Filii
894 847 1014 920 aeterni
1036 847 1107 936 Pa·

86 967 163 1053 tris,
192 991 300 1061 quem
324 965 434 1036 ludaei
455 962 577 1037 Deum
599 966 698 1035 suum
721 958 978 1058 agnoscebant,
1005 963 1108 1050 Chri·

86 1101 158 1154 stus
185 1108 275 1154 vero
296 1108 333 1153 se
357 1080 429 1152 eius
456 1079 581 1152 Filium
608 1080 803 1166 miraculis,
830 1079 998 1176 operibus
1022 1081 1108 1153 icili-

88 1218 143 1271 cet
161 1197 276 1270 Patris
295 1199 346 1270 sui
365 1198 440 1269 veri
462 1195 553 1282 Dei,
581 1197 864 1284 demonstrabat,
890 1223 1000 1270 unum
1023 1225 1105 1271 cum

89 1312 214 1386 Patre:
235 1308 286 1384 'St
310 1342 368 1384 noir
385 1323 477 1402 facio
503 1341 598 1403 opera
623 1324 733 1383 ‘Patris
760 1325 837 1400 mei,
871 1323 964 1385 nolite
990 1325 1107 1390 credere

89 1441 175 1502 milri.
227 1439 261 1500 Si
285 1453 389 1501 autem
410 1439 521 1518 facio:
557 1451 587 1500 et
614 1442 640 1500 si
667 1439 743 1500 mibi
767 1458 825 1500 non
848 1441 946 1502 vultis
971 1443 1115 1519 credere,

91 1556 229 1636 operibus
251 1557 380 1634 credite,
404 1568 440 1616 ut
462 1559 666 1632 cognoscaris,
693 1567 724 1619 et
740 1556 888 1633 credaris,
915 1561 991 1640 quia
1014 1558 1108 1619 Pater

90 1674 191 1733 inme
215 1683 279 1747 est,
307 1685 338 1733 et
364 1691 417 1748 ego
443 1677 475 1734 in
504 1673 607 1734 Patre.
658 1662 736 1734 Etsi
760 1687 847 1734 vero
878 1663 1108 1735 nihilominus
1197 1748 1201 1754 Ι

92 1799 171 1851 eum
201 1781 335 1850 vellent
364 1776 685 1874 compreherrdere3
724 1777 823 1848 multi
850 1792 990 1863 tamen,
1026 1804 1107 1850 cum

92 1896 223 1968 exisset
250 1922 269 1967 e
294 1894 456 1966 manibus
486 1919 626 1977 eorum,
653 1892 691 1966 vi
718 1894 914 1988 argumenti
941 1915 1124 1990 percepta·

91 2033 243 2084 verterunt
271 2023 314 2081 ad
339 2040 430 2098 eum,
465 2032 496 2082 et
524 2019 686 2081 dicebant:
722 2020 805 2102 Quia
833 2018 965 2090 ,loannes
989 2023 1111 2102 quidem

83 2135 207 2216 ,lignum
215 2136 297 2216 fecit
314 2137 447 2197 nullum:
470 2136 578 2196 Omnia
591 2149 713 2213 aurem,
730 2153 910 2218 quecunque
923 2137 1007 2197 dixit
1015 2137 1113 2211 ,loan-

92 2272 143 2317 nes
156 2255 281 2330 deboc,
297 2271 373 2316 vera
390 2265 486 2316 erunt.
518 2253 559 2313 Et
572 2253 661 2314 multi
674 2255 862 2316 crediderunt
874 2256 907 2312 in
919 2271 996 2313 eum.
1024 2245 1111 2318 Erat

93 2360 125 2432 S.
159 2361 314 2443 loannes
341 2361 536 2455 propheta,
575 2358 635 2454 qui
667 2358 740 2431 Dei
769 2359 877 2454 ipsius
904 2360 1109 2434 testimonio

93 2477 207 2549 Deut
239 2464 376 2546 XVlll.
411 2501 467 2546 22.
499 2475 654 2547 divinam
684 2475 745 2549 fibi
779 2477 886 2546 fidem
922 2476 1111 2548 conciliare

93 2593 267 2678 debebat,
290 2617 377 2663 vero
401 2617 542 2676 eorum,
570 2617 647 2686 quae
670 2591 853 2689 praedixit,
882 2610 1028 2662 eventu:
1054 2592 1111 2665 Sic
1131 2589 1134 2593 ’

95 2735 221 2782 eorum
247 2709 452 2794 veritatem,
491 2733 568 2801 quae
598 2709 643 2779 de
675 2707 828 2778 Christo
846 2708 1000 2778 Joannes
1027 2733 1112 2803 prae·

95 2827 254 2912 dixerat,
277 2826 446 2911 fatentur,
466 2844 506 2895 ut
523 2825 634 2896 modo
657 2824 872 2910 audivimus,
894 2824 962 2920 ipsi
981 2824 1120 2911 Judaei3'

97 2943 184 3014 dum
202 2941 353 3013 vicissim
371 2941 530 3012 loannes·
546 2941 641 3037 apud
661 2941 850 3035 discipulos
868 2942 948 3012 suos
969 2939 1114 3010 Christo

95 3059 207 3134 fidem
231 3083 276 3128 ex
297 3057 453 3129 eiusdem
472 3058 645 3130 miraculis
665 3056 873 3130 conciliavit.
913 3056 1055 3150 Nempe
1074 3053 1113 3143 a)

99 3175 283 3261 „loannes
312 3200 391 3246 cum
418 3175 570 3246 audisset
595 3173 631 3244 in
658 3174 807 3245 vinculis
824 3199 935 3268 opera
961 3170 1114 3258 Christi,

96 3291 241 3363 mittens
265 3290 355 3362 duos
380 3291 425 3362 de
449 3289 628 3386 discipulis
650 3291 739 3376 suiS,
766 3290 835 3381 (ut
859 3315 981 3361 eorum
1006 3288 1116 3359 fidem

96 3409 274 3495 firmaret,
302 3434 376 3479 non
402 3405 554 3496 luam),
581 3406 628 3478 ait
657 3405 723 3476 illi:
744 3466 746 3474 s
765 3405 830 3478 Tu
855 3429 915 3488 es,
943 3402 1003 3498 qui
1031 3430 1116 3476 ven-

97 3544 199 3600 turus
228 3550 289 3622 es,
312 3550 357 3595 an
381 3524 486 3595 alium
510 3521 787 3617 exspectamus?
822 3518 871 3591 Et
896 3522 1117 3617 respondens

98 3635 201 3714 Jesus
224 3639 271 3712 ait
290 3641 379 3711 iltis=
408 3641 543 3712 Euntes
569 3637 765 3710 renuntiate
789 3636 938 3721 loanni,
966 3664 1044 3733 quac
1070 3641 1120 3708 vi-

99 3758 219 3845 distis,
248 3776 283 3828 et
301 3756 457 3829 audistis.
503 3756 600 3829 Caeci
616 3755 762 3840 vident,
789 3753 902 3825 claudi
927 3755 1118 3839 ambulant,

98 3873 233 3973 leprosi
261 3857 509 3964 mundantur,
525 3872 621 3946 surdi
650 3871 818 3962 audiunt,
846 3873 977 3951 mortui
1001 3895 1120 3966 ‘resur-

99 4030 103 4035 ·
142 4023 173 4101 ο)
195 4023 294 4082 blatta.
320 4024 370 4088 xr.
396 4040 422 4084 2.
