2460 4560
508 363 739 376 -ι--αμ-

115 351 187 418 124
230 373 232 378 ·
1072 399 1087 413 >e

83 474 439 600 ‘avnuoaru
456 425 791 548 mcououun
819 435 1131 550 enulssous

385 619 387 639 '
467 617 775 686 EXPLICATA.

111 828 220 910 XXI.
247 758 374 918 Facit
406 823 477 897 huc
508 823 678 921 parabola
706 825 751 895 de
789 825 1017 917 seminante,
1058 853 1130 926 quat

92 946 94 951 ’
112 947 209 1045 apud
231 944 447 1018 Matthaeum
474 942 603 1026 XIIL,
630 942 799 1016 Marcum
828 943 917 1031 IV.,
947 965 983 1017 et
1003 945 1137 1043 Lucani,

91 1063 211 1136 ,VlIL
238 1062 352 1157 prima
373 1060 544 1145 occurrit,
572 1079 761 1155 postquam
787 1059 1048 1143 Christusiam
1072 1067 1131 1140 ser.

111 1190 220 1252 mo‘ne
252 1178 289 1248 in
322 1196 445 1249 moute
484 1175 662 1272 discipulis
695 1177 791 1264 suis,
836 1179 938 1273 quod
969 1201 1129 1254 notanter

112 1282 208 1392 apud
243 1290 472 1367 Matthaeum'
495 1313 530 1364 et
565 1293 698 1365 Lucam
733 1278 973 1384 memoratur,
1019 1301 1129 1394 legem

110 1413 297 1506 Evangelii
327 1411 554 1508 explicasset,
586 1410 838 1506 praesentibus,
873 1431 909 1484 et
936 1414 1128 1488 doctrinam

28 1559 30 1565 ’
112 1529 364 1601 admirantibus
391 1526 540 1614 ludaeis,
569 1527 631 1623 qui
655 1548 772 1600 tamen
799 1520 1041 1624 Evangelium
1062 1557 1130 1604 non

112 1666 340 1743 receperunt:
368 1647 405 1718 id
426 1644 525 1740 quod
544 1644 580 1714 in
602 1645 679 1740 ipsa
699 1646 765 1716 hac
783 1645 957 1742 parabola
975 1627 1022 1721 de
1040 1647 1139 1722 serni·'

113 1784 221 1836 nante
242 1763 457 1836 declaratur:
485 1761 580 1833 aliud
602 1762 768 1834 cecidisse
786 1765 883 1836 secus
900 1763 1018 1852 viam,
1040 1764 1128 1838 aliud

104 1880 151 1958 ,iu
171 1899 332 1976 petrosa,
360 1880 454 1952 aliud
478 1878 514 1949 in
534 1871 670 1974 spinas'
711 1877 786 1950 lam
807 1881 1012 1953 notavimus
1036 1883 1128 1954 Chri·

113 2017 205 2069 stum
225 1999 422 2068 sermonem
440 1994 592 2066 illumin
612 2015 734 2067 monte
750 1995 872 2069 fecisse
890 2008 1023 2070 elevatis
1039 2011 1129 2072 oculis

112 2125 146 2185 in
165 2122 328 2200 discipulos
363 2140 427 2182 rior.
471 2111 611 2181 Eodem
630 2113 801 2209 pertinet,
824 2115 925 2209 quod
948 2117 1049 2212 apud
1067 2117 1130 2190 Lu·

115 2254 191 2301 carn
224 2227 289 2298 Vl.
327 2251 385 2313 27.
430 2248 617 2322 postquam
657 2250 691 2301 et
725 2231 848 2301 beatos
881 2233 1128 2327 praedicasset,

113 2364 149 2418 et
171 2370 225 2419 vae
247 2343 487 2415 denuntiasset
505 2344 680 2441 praecipua
699 2348 912 2441 evangelicae
931 2349 1024 2444 legis
1047 2376 1128 2446 prae·

112 2482 217 2560 cepta
246 2460 441 2556 exsplicare
467 2461 520 2532 his
549 2463 666 2535 verbis
695 2463 904 2559 auspicetur.
965 2475 1026 2538 Sed
1047 2477 1128 2538 vobis

111 2592 200 2667 dico,
227 2591 281 2671 qui
307 2591 423 2649 audiris
436 2619 448 2662 ,·
476 2590 593 2666 diligire
616 2592 755 2652 inimicos
776 2603 894 2652 vestros
915 2602 973 2687 με.
1025 2582 1131 2680 Equi·

112 2699 195 2768 dem
227 2696 417 2790 aliquando
455 2698 557 2767 etiam
593 2698 772 2769 advocans
814 2696 954 2769 turbam
994 2700 1130 2773 dicebat

111 2813 180 2885 illis
204 2808 271 2901 a):
309 2824 424 2883 Audite
452 2841 500 2883 me
525 2841 649 2900 omnes,
677 2834 708 2884 ct
735 2823 903 2898 intelligite,
971 2827 1062 2888 Nihil
1089 2837 1130 2889 cst

111 2952 203 3002 extro
225 2939 374 3001 hominem
394 2924 540 3000 iritroienr
558 2940 590 2998 in
610 2954 697 3006 eumz
725 2940 809 3020 quod
824 2940 926 3019 possit
951 2961 1022 3005 eum
1053 2947 1130 3006 coin·

111 3061 259 3140 pulnere,
269 3054 333 3133 sed
355 3074 418 3138 qua
444 3057 480 3116 de
508 3056 629 3115 homine
649 3052 842 3134 procedunt,
868 3056 1038 3137 illustrat,
1071 3075 1139 3142 qua*

112 3175 335 3234 communicant
353 3171 512 3232 hominem.
541 3162 593 3233 At
612 3187 699 3235 mox
717 3163 833 3236 addit:
860 3149 922 3255 Qui
937 3174 1032 3237 habet
1043 3195 1131 3238 aures

109 3279 254 3350 audiendi
273 3291 394 3354 audiat.
436 3279 624 3351 Memorat
642 3307 730 3353 vero
748 3279 946 3352 Matthaeus
969 3281 1058 3354 XV.
1079 3307 1130 3355 11.

109 3417 298 3491 postquam
333 3396 484 3468 eandem
510 3396 733 3491 vsententiam
768 3396 902 3495 Christi
939 3398 1130 3484 attulisset,

109 3511 303 3585 Pharisaeos
326 3513 578 3586 scandalizatos
606 3540 681 3586 esse
706 3514 819 3586 verbo
845 3515 940 3586 hoc':
968 3516 1055 3610 quia
1082 3514 1132 3586 ni·

106 3627 231 3698 mirum
261 3656 361 3704 aures
390 3631 557 3703 audiendi
586 3658 660 3704 non
690 3632 880 3704 habebant.
942 3631 998 3704 Sic
1026 3633 1130 3706 etiarn

61 3740 63 3744 ’
104 3743 227 3815 iisdem
249 3749 366 3821 verbis
389 3749 550 3826 Christus
568 3768 796 3821 memoratam
819 3747 1030 3845 parabolam
1049 3776 1131 3824 con-

106 3862 215 3934 cludit
240 3856 276 3952 ὁ)
290 3888 310 3945 ι,
339 3858 446 3955 „Qui
461 3865 570 3940 habet
589 3893 690 3941 aures
710 3866 878 3940 audiendi
899 3867 1033 3944 audiat.
1084 3867 1131 3942 Et

119 4010 175 4084 ιη)
198 4013 289 4071 Mna
311 4012 377 4073 VII.
403 4027 455 4082 ψ
469 4022 517 4072 etr.
621 4018 664 4094 j)
680 4018 779 4082 Mutela.
804 4018 890 4077 XIII·
912 4033 940 4088 9.

10 4122 124 4280 ἰ-
