2460 4560
432 256 440 288 Ι

470 341 704 392 m
778 326 781 342 '
1022 377 1090 444 113

53 490 211 590 impleta
237 507 290 564 est
319 482 396 562 haec
425 482 596 587 scriptura
619 489 656 560 in
684 490 826 566 auribus
850 496 983 572 vestris
1044 507 1095 582 Et
1161 597 1163 601 ι

13 602 36 623 ”
60 632 189 684 omnes
213 605 455 680 testimonium
482 606 532 679 illi
561 607 714 679 dabant:
757 631 790 682 et
816 612 1032 690 mirabantur
1054 622 1093 696 in

63 726 181 809 verbis
206 724 346 822 gratiae,
375 749 454 819 quae
478 723 724 820 procedebant
750 728 795 798 de
819 754 881 802 ore
902 730 1030 826 ipsius,
1058 761 1093 814 et

58 845 257 922 dicebant:
301 831 438 914 Nonne
470 840 529 914 hic
570 860 622 912 est
655 841 746 914 filius
772 836 976 942 'loseph?“
1041 855 1095 931 At

65 974 174 1048 mox,
222 985 304 1032 cum
326 957 453 1031 ineos
481 958 728 1045 inveheretur,
773 981 878 1056 atque
902 965 975 1038 'illis
1002 970 1094 1045 dice-

64 1098 138 1164 ret,
166 1100 245 1159 non
264 1098 343 1148 esse
368 1095 553 1172 acceptum
577 1075 789 1171 prophetam
818 1078 854 1148 in
877 1083 989 1177 patria
1010 1088 1092 1179 lua,

66 1219 241 1267 conversa
273 1211 328 1266 est
358 1191 543 1264 admiratio
573 1191 747 1280 initam,
782 1193 829 1266 ita
859 1215 899 1268 ut
926 1199 1094 1281 elicerent

42 1311 161 1406 “illum
196 1329 295 1382 extra
322 1308 521 1395 civitatem,
558 1309 799 1406 ducerentque
831 1339 945 1408 usque
972 1319 1017 1390 ad
1039 1324 1094 1396 su.

59 1427 252 1524 -percilium
278 1425 430 1513 montis,
456 1429 559 1521 super
581 1451 695 1520 quem
722 1427 844 1511 obitas
864 1430 1007 1509 illorum
1035 1465 1096 1515 ex.

32 1597 37 1606 -
65 1562 179 1619 tructa
203 1550 291 1631 erat,
319 1561 359 1631 ut
374 1542 635 1640 praecipitarent
660 1570 751 1618 eum.

134 1777 226 1851 Erat
247 1802 358 1873 porro
386 1776 589 1862 Nazareth,
617 1799 704 1871 quae·
726 1773 858 1851 Christi
883 1783 1094 1862 credebatur

62 1894 195 1994 patria,
222 1895 311 1991 lapis
335 1892 569 1979 offensionis,
597 1912 631 1963 et
656 1913 755 1988 petra
781 1897 953 1985 scandali3
981 1901 1096 1976 humi.

62 2015 112 2084 les
141 2013 275 2083 natales
306 2037 346 2082 ac
369 2035 504 2107 pauper
529 2008 710 2096 conditi0,
745 2031 853 2106 prout
878 2015 998 2091 scribae
1023 2019 1093 2110 illi,

61 2129 125 2224 qui
158 2152 241 2200 eum
269 2107 442 2199 accedens
476 2124 575 2220 sequi
603 2128 695 2197 velle
725 2125 936 2219 videbatur,
973 2135 1094 2214 dixitt

67 2255 179 2336 Vulpes
197 2252 315 2334 foveas
337 2252 471 2348 hubent,
499 2265 530 2314 et
553 2253 692 2314 uolucres
713 2255 778 2316 coeli
800 2258 905 2336 nidor,
926 2259 1015 2336 filius
1037 2283 1095 2327 uu·

63 2382 125 2433 tem
143 2372 276 2434 hominis
299 2388 358 2430 uon
378 2369 488 2449 hahet,
517 2369 567 2430 uhi
586 2381 681 2450 caput
701 2373 833 2435 reclinet.
872 2366 955 2439 Alia
972 2373 1095 2451 omnia

63 2477 323 2575 exspectabant
351 2475 464 2548 Judaei
495 2502 515 2548 a
541 2477 683 2547 Messia
712 2480 775 2551 luo
804 2482 980 2557 domitore
1008 2513 1095 2583 gen.

61 2596 171 2682 tium,
200 2612 236 2665 et
258 2592 483 2664 dominatore
504 2592 623 2664 orbis:
652 2619 758 2687 quem
786 2623 860 2667 non
882 2600 996 2672 solum
1017 2630 1093 2681 rem

60 2710 307 2785 restituturum
331 2709 368 2780 in
395 2709 524 2797 Israel,
550 2736 676 2783 verum
705 2711 808 2783 etiarn
833 2720 1093 2799 cumulaturum

61 2827 363 2927 praestolabantur·
390 2846 533 2921 gentem
559 2827 718 2898 omnium
747 2855 863 2902 rerum
892 2833 1093 2929 affluentia,

63 2945 199 3042 gloria,
224 2961 260 3014 et
280 2943 440 3029 divitiis,
457 2970 606 3039 quarum
627 2944 687 3015 ille
708 2965 946 3037 contemtum,
974 2971 1010 3024 et
1035 2955 1095 3025 aba

63 3062 282 3136 dicationem
311 3059 350 3130 in
383 3059 453 3133 suis
490 3061 673 3157 discipulis
703 3064 916 3156 postulabat.
986 3064 1095 3145 Unde

63 3206 147 3254 cum
185 3176 450 3251 adolescentem
486 3178 531 3250 ad
565 3179 796 3250 vendendum
831 3181 974 3270 omnia,
1012 3210 1093 3280 quae

62 3297 236 3381 haberet,
264 3293 494 3391 dandumque
516 3294 735 3392 pauperibus
762 3296 981 3387 hortaretur,
1007 3301 1096 3391 abiit

61 3413 92 3490 is
119 3411 247 3488 tristis:
275 3432 344 3485 erat
367 3424 448 3485 euim
471 3421 583 3485 habens
609 3421 725 3486 multas
742 3422 956 3543 peregeriones.

46 3637 68 3717 '.
100 3714 103 3719 .
140 3643 265 3739 Quam
285 3643 641 3721 vero-admirabilem
666 3644 704 3743 in
726 3600 876 3718 morl'um
899 3645 949 3722 ob
968 3652 1096 3731 oculor

62 3763 207 3862 posuit,
235 3763 401 3835 ordinem
427 3762 628 3836 officiorum
654 3785 737 3856 erga
761 3760 903 3836 Patrem
924 3766 962 3837 in
986 3770 1094 3860 crelin,

65 3900 102 3954 et
126 3901 295 3977 parentes
320 3880 360 3953 in
389 3900 494 3955 terra
510 3878 633 3976 paucis
661 3879 779 3957 verbis
805 3883 997 3976 atteritur,
1033 3886 1095 3983 qui

81 3997 288 4103 ΙΤοιω
694 3996 731 4069 Η
1099 4024 1181 4291 ι
