2460 4560
146 319 210 446 ’,ο
555 341 787 373 .-

158 528 228 575 nec
249 500 316 599 ipsi
340 527 377 575 se
397 498 573 575 continuis
592 498 674 573 vitae
698 518 733 570 et
751 490 1062 597 mortis'periculis
1080 525 1182 602 expo·

124 612 311 692 ‘suissent
336 621 502 692 omnibus
528 635 563 690 et
581 616 636 688 'ab
663 617 831 689 omnibus
859 618 1020 692 destituti
1047 645 1182 717 percur·

158 756 277 810 rentes
306 737 453 823 orbem,
489 761 556 807 nec
583 733 746 805 eumdem
774 736 980 808 delusuma
1006 763 1045 810 se
1066 739 1181 812 credu-

160 835 235 934 luth
258 853 462 926 habuissent
486 852 630 936 orbem,
654 870 692 921 ut
715 851 921 925 christianus
944 853 1059 930 fieret.
1110 854 1180 926 Mi·

160 974 278 1045 nacula
296 968 551 1065 discipulorum
574 966 726 1053 Christi,
746 967 921 1040 miraculis
942 969 1030 1042 olim
1050 997 1071 1044 a
1089 969 1180 1043 Chri·

159 1093 217 1161 sto
243 1087 384 1184 patratis
411 1087 519 1159 fidem
550 1082 802 1170 adstruebant,
842 1110 882 1158 ae
908 1085 988 1181 ipsa
1019 1087 1178 1160 miracula

162 1203 246 1290 sibi,
275 1202 359 1276 dum
385 1203 454 1304 illi,
482 1204 573 1274 circa
591 1225 683 1294 quos
706 1201 796 1272 facta
822 1202 919 1288 sunt,
947 1222 1057 1276 testes
1073 1228 1179 1278 aevum

160 1323 334 1404 tulerunt,
359 1319 530 1391 distinctis
553 1344 617 1414 per
639 1317 709 1388 hoc
730 1317 822 1389 veris
848 1344 869 1389 a
889 1318 1020 1394 fictitiis
1044 1321 1179 1392 miracu·

160 1419 286 1522 iis‚⁵ut
304 1436 349 1507 de
368 1433 541 1508 miraculis
560 1433 693 1506 Christi
711 1433 913 1525 Quadratus
932 1435 969 1507 in
985 1438 1176 1532 fragmento

159 1552 338 1659 apologiae
366 1554 412 1624 ad
437 1551 656 1623 Hadrianum
684 1551 774 1646 Imp.
798 1551 892 1679 apud
918 1550 1117 1636 Eusebium
1135 1556 1177 1624 lo·

128 1761 129 1765 ¹
160 1670 301 1766 quitur,
327 1669 493 1742 miracula
514 1667 693 1741 salvatoris
716 1666 827 1738 nostri
848 1668 1080 1763 perdurasse,
1106 1694 1175 1743 cum

49 1776 52 1793 ¹
159 1812 245 1864 vera
272 1806 390 1861 essent
413 1785 467 1860 ἀεὶ
491 1784 617 1887 παρῆν,
644 1777 768 1870 ἀληθῆ
786 1771 930 1882 γᾶρῆν.
985 1839 990 1844 .

161 2131 533 2208 uvnuuutrcn
567 2134 713 2207 vrrs
745 2133 1178 2212 urscrautouurn
1220 2078 1222 2209 ἶ

376 2262 594 2335 CHRISTI
637 2264 971 2332 OEGONOMIA.

43 2561 48 2564 ,
160 2484 284 2593 XVss.
315 2412 621 2558 Consideremus
667 2511 756 2560 vero
798 2487 1018 2560 securitatem
1055 2488 1178 2573 illam,¹
1220 2512 1222 2517 ·

160 2629 265 2699 quam
282 2621 423 2698 praestat
410 2602 595 2674 tChristus
610 2603 788 2700 discipulis
802 2603 869 2675 suis
871 2631 987 2734 ,quus
1001 2607 1089 2678 dum
1100 2606 1178 2679 mira

159 2720 322 2818 patrandi
344 2720 397 2790 his
411 2721 653 2807 facultatibus,
672 2739 827 2816 potestat
828 2746 917 2815 eque
939 2721 977 2792 in
1002 2723 1178 2795 daemones

160 2838 352 2910 instructos
372 2835 416 2907 ad
437 2836 701 2932 praedicandum
723 2837 846 2922 mittit3
874 2837 1035 2933 undique
1056 2843 1179 2912 eluces·

161 2956 208 3029 cit
229 2954 351 3026 divina
376 2953 562 3049 Evangelii
585 2951 716 3026 Christi
738 2954 841 3027 etiarn
862 2954 898 3024 in
920 2956 989 3026 suis
1009 2955 1179 3052 apostolis

161 3071 371 3150 oecorromia.
427 3064 546 3156 Nolite}
570 3062 616 3163 ait
642 3075 687 3143 ad
712 3097 772 3142 eos
801 3068 860 3160 a),
885 3081 1041 3160 possidere
1062 3101 1179 3156 aarum,

160 3217 258 3282 neque
279 3208 455 3273 argentum,
491 3214 586 3277 neque
604 3200 770 3277 pecuniam
792 3200 824 3258 in
850 3199 938 3258 zonis
960 3173 1104 3260 vestris?
1128 3216 1180 3259 non

152 3335 263 3399 perum
284 3319 317 3376 in
337 3318 412 3389 via,
445 3331 539 3395 neque
564 3314 642 3374 ditas
669 3317 812 3390 tunicusj
839 3331 933 3395 neque
957 3299 1178 3389 calceamenta,

159 3432 254 3514 nephe
272 3418 414 3507 virgam?
441 3431 550 3506 dignus
565 3441 611 3492 est
628 3431 706 3492 enim
724 3429 964 3521 operariusez'ho
974 3428 1050 3506 suo.
1092 3420 1179 3515 Quae

157 3538 311 3635 pensatis
335 3560 533 3634 temporum
553 3537 819 3609 aircumstantiis
845 3561 920 3608 non
942 3536 1059 3609 minus
1083 3538 1179 3614 mira·

157 3655 226 3732 culi
248 3655 398 3740 habent,
426 3680 530 3750 quam
552 3655 633 3726 data
652 3653 711 3725 illa
735 3674 818 3726 tunc
837 3673 994 3751 potestas
1017 3651 1177 3750 patrandi

81 3867 83 3873 Ι
156 3771 332 3842 miracula.
387 3770 485 3862 Quid
506 3772 633 3850 enim?
668 3781 837 3861 Ecceego,
864 3767 1061 3866 inquitis),
1089 3784 1178 3842 mitro

154 3918 229 3974 vos,
248 3893 332 3973 ficut
354 3914 426 3957 oves
447 3899 479 3958 in
502 3900 601 3961 medio
625 3899 773 3980 luporum.
826 3898 932 3963 Estote
956 3915 1026 3978 ergo
1046 3900 1177 3987 pruden-

86 4116 90 4126 ,
184 4039 227 4114 a>
254 4039 352 4103 Marah.
382 4034 415 4092 Χ.
440 4053 467 4106 9.
568 4034 597 4113 b)
620 4040 657 4100 lb.
684 4043 739 4115 lh}
