2460 4560
427 162 658 181 0—-

913 147 982 215 34¹

177 272 356 374 Dumque
385 273 610 351 Nicodemus
635 303 657 350 a
686 271 831 350 Christo
860 275 982 363 audit,
1013 268 1130 336 cm*

100 393 286 468 neminem
315 418 422 491 posse
449 393 574 468 videre
602 420 752 490 regnum
780 392 881 481 Dei,
914 391 981 464 nisi
1019 389 1124 446 ΧΧΝ·

99 510 183 607 quis
202 528 347 584 renatus
366 512 473 585 fuerit
492 513 634 598 denuo,
660 511 698 582 in
722 511 852 585 carnali
877 535 984 607 gene·
997 505 1141 562 W*

99 627 240 702 ratione
249 629 376 716 haeret,
390 654 457 703 nec
469 629 656 726 quomodo
669 629 799 715 homo,
814 654 896 702 cum
908 628 982 701 fue·
1012 627 1132 725 negene-

99 744 146 818 rit
153 745 279 843 senex,
292 744 409 842 possit
418 745 527 832 nasci,
542 746 646 843 capit.
668 754 828 837 Nunquid,
841 745 902 834 ait,
909 762 984 837 poc-¹
1013 718 1133 864 ἓξὲξ

100 883 147 935 est
158 873 342 935 inventrem
355 871 534 950 matrissuae
544 877 659 935 iterato
669 873 785 949 redire,
801 884 831 935 et
841 871 984 947 masei?
1015 877 1117 946 Spiritu

101 977 260 1078 Pcopius
279 1005 369 1058 vero
391 978 461 1050 iam
482 979 529 1050 ad
554 1007 629 1051 rem
652 979 840 1076 respondit
863 978 984 1052 Jesusi
1015 960 1113 1022 ΜΟ·

100 1105 221 1184 Amen,
248 1124 337 1169 amen
361 1106 430 1168 dico
456 1106 534 1183 tibi,
560 1109 622 1168 nisi
647 1113 717 1190 quis
741 1121 865 1171 temtus
882 1105 988 1186 fuerit

100 1239 143 1285 ex
170 1241 258 1306 aqua
282 1234 314 1286 et
339 1222 459 1303 Spiritu
473 1221 612 1303 sancto,
649 1243 709 1286 non
728 1236 835 1306 potest
859 1227 987 1288 introire
1081 1227 1086 1241 '
1150 1227 1153 1234 '

98 1340 135 1400 in
167 1357 294 1415 regnum
322 1337 392 1402 Dei.
460 1329 581 1404 Notus
611 1332 709 1404 haud
740 1333 848 1406 dubie
876 1332 987 1404 Nico·

75 1524 79 1531 ,
101 1445 215 1519 demo
242 1464 317 1520 etat
338 1444 538 1543 Baptismus
567 1446 713 1519 Joannis
736 1474 802 1546 per
827 1473 983 1542 aquamt

100 1581 206 1636 crant
241 1588 352 1659 porro
388 1582 424 1635 et
459 1562 586 1633 Judaeis
620 1563 777 1635 lotiones·
807 1562 913 1638 variae
948 1581 985 1638 et

99 1667 335 1776 baptismata,
363 1702 515 1775 quorum
544 1678 734 1751 discrimen
757 1701 797 1752 ut
822 1679 986 1753 ostende·
1024 1729 1031 1754 .

98 1817 159 1870 ret
179 1795 363 1882 christun,
389 1795 475 1868 dicit
498 1797 754 1869 renascendum
784 1795 815 1869 ei
838 1822 912 1870 esse
939 1821 986 1875 ex

98 1936 198 2017 equa
226 1932 261 1986 et
288 1911 419 2009 Spiritu
443 1913 588 1998 sancto,
620 1915 683 2009 qui
707 1918 814 2024 vell-et
840 1914 986 1992 introire

96 2031 140 2104 in
167 2055 319 2127 regnum
345 2029 431 2102 Dei.
493 2030 749 2103 Theocratiam
769 2057 858 2104 veto
875 2030 987 2104 Judaei

96 2148 140 2222 in
163 2167 285 2222 mente
313 2146 495 2219 habebant
518 2169 709 2234 terrenam,
734 2175 839 2245 quam
864 2150 987 2221 felicis·

98 2265 230 2342 simam
256 2262 321 2335 fibi
351 2263 613 2361 pollicebantur
644 2291 664 2337 a
691 2265 832 2339 Messia
856 2287 987 2339 restau-

99 2381 272 2468 randam,
295 2379 343 2452 ita
364 2399 405 2452 ut
422 2380 572 2453 subactis
589 2381 775 2476 gentibus,
798 2407 837 2455 ac
858 2384 987 2477 regnis,

97 2525 223 2574 terum
251 2524 314 2594 per
343 2496 468 2570 orbem
495 2497 668 2594 potiretur
690 2498 836 2571 iudaice
865 2499 987 2587 nati0‚

71 2597 77 2612 ἐ
99 2619 228 2692 [emen
248 2614 423 2701 Abrahae,
450 2613 561 2688 tribus
581 2615 690 2702 Juda,
716 2615 812 2711 regia
834 2614 989 2690 Davidis

71 2734 224 2831 Rupis..
273 2729 399 2805 Subdit
420 2756 510 2804 vero
540 2730 726 2806 Christus:
767 2743 858 2824 Quod
879 2734 1005 2805 natum*

98 2873 151 2926 est
174 2876 214 2921 ex
242 2876 357 2936 carne,
391 2877 463 2919 caro
486 2871 555 2922 est:
589 2873 621 2923 ct
646 2859 731 2942 quod
750 2871 857 2921 natum
878 2871 921 2921 est
948 2876 989 2922 ex

86 2975 240 3061 spiritu,
254 2974 392 3055 spiritus
422 2984 489 3051 est,
518 2985 575 3053 ut,
601 2969 689 3060 quid
719 2967 783 3038 fibi
806 2971 913 3041 vellet
938 2993 989 3038 re-

99 3081 205 3156 nusci
227 3108 272 3154 ex
291 3080 432 3177 spiritu,
459 3079 661 3154 insinuaret.
712 3082 887 3177 „Ipsum‚
909 3086 989 3155 sunt

99 3197 220 3274 verba
240 3196 272 3269 S.
296 3197 348 3269 Jo.
371 3197 621 3295 Chrysostomi
641 3196 698 3287 a),
718 3199 863 3272 abducit
883 3201 989 3271 rebus

91 3313 277 3390 munibus
315 3313 380 3384 sub
416 3315 556 3389 sensum
594 3315 829 3403 cadentibus,
874 3341 990 3411 neque

100 3431 188 3505 sinit
206 3431 388 3526 corporeis
408 3434 520 3504 oculis
538 3432 702 3530 mysteria
720 3431 872 3504 scrutari.
901 3431 991 3504 Non

104 3551 151 3622 de
172 3573 299 3632 car-ne,
321 3546 453 3643 inquit,
473 3549 690 3637 disserimus,
707 3549 768 3621 sed
786 3549 831 3620 de
850 3548 990 3646 Spiritu,

103 3663 402 3739 &Nicodeme.“
452 3665 572 3760 Pergit
594 3666 782 3738 Christus:
814 3677 882 3740 Non
901 3679 994 3743 mire·

148 3815 179 3890 a)
202 3813 278 3873 Hm.
301 3813 425 3878 XXVI·
448 3819 480 3872 in
497 3815 576 3884 Joan.
603 3817 634 3874 Τ.
661 3815 744 3882 Vm.
764 3831 791 3890 p.
817 3833 876 3892 142.
