2460 4560
436 328 673 378 ''¹'-
998 367 1069 436 139

47 485 207 586 (signa)
227 497 371 578 faciebat
393 501 427 560 in
440 492 585 578 salibara.
669 499 761 570 ,lesus
786 512 890 563 autem
916 475 1071 582 ierpoadit

47 621 109 704 ⁶²5?
149 618 247 678 Pater
269 634 352 679 meus
382 635 476 697 usque
501 617 590 683 modo
614 630 782 696 operatur,
819 631 850 679 et
874 637 927 693 ago
950 638 1068 698 operor.

46 721 166 802 Palam
205 749 243 793 se
271 722 432 798 Christus
461 722 519 796 hic
544 723 664 818 prodit
692 717 842 797 v'erbum
872 724 961 797 illud
991 725 1071 797 Do·

47 840 155 928 mini,
184 865 258 934 quo
285 841 363 913 coeli
387 839 514 911 firmati
537 840 639 927 sunt,
670 843 862 914 ostendens
886 866 945 928 se,
974 843 1072 913 nullo
1175 925 1179 932 Ι

46 957 182 1028 sabbati
203 956 322 1028 habita
344 956 499 1041 ratione,
521 956 670 1052 perinde
693 959 889 1054 operariae
910 958 1072 1046 Patrem,

46 1073 105 1168 qui
136 1100 319 1169 nunquam
340 1092 451 1145 cessat
472 1074 515 1145 ab
537 1101 648 1170 opere
672 1076 758 1161 suo,
786 1101 858 1171 quo
884 1079 1008 1147 coelum
1035 1094 1073 1147 et

47 1207 173 1262 terram
199 1192 300 1276 feeit,
329 1172 503 1287 pirpetuo
531 1187 704 1266 concursu
731 1191 768 1262 in
798 1192 1071 1264 conservatione

39 1326 80 1378 ¹et
99 1307 363 1402 gubernatione
392 1333 525 1395 rerum,
554 1335 639 1402 quas
664 1309 835 1382 condidit.
896 1299 1072 1404 Intellige·
1165 1310 1172 1320 ’

47 1422 132 1503 bant
164 1449 212 1497 ex
240 1423 293 1504 his
323 1425 463 1511 verbis,
504 1425 638 1512 Judaei,
676 1427 760 1499 dum
797 1425 937 1497 Patrem
969 1428 1071 1498 snum

50 1545 227 1619 coelestem
257 1546 463 1636 compellat,
499 1545 622 1615 uerum
652 1569 689 1615 se
716 1543 838 1614 Deum
865 1543 985 1615 aeterni
1006 1543 1071 1615 Pa-

48 1658 104 1729 tris
132 1657 261 1734 Filium
286 1658 402 1732 dicere
427 1659 619 1732 Christum.
683 1670 850 1749 Propterea
869 1677 945 1746 'argo
972 1673 1071 1745 magis

49 1786 218 1865 quarebant
241 1804 308 1851 eum
334 1785 432 1854 Juaai
459 1783 653 1860 interficere:
703 1788 859 1866 quianon
877 1785 983 1863 solum
1003 1785 1073 1863 sol-

47 1902 141 1963 vebat
167 1901 361 1978 subiratum,
389 1901 463 1978 sed*
486 1912 517 1961 et
548 1902 673 1964 Patrem
692 1900 789 1978 suum
818 1901 937 1972 dicelrat
972 1899 1073 1964 Deum

50 2000 211 2103 (πωτέρω
236 2000 324 2085 idcir,
353 2007 538 2104 proprium
568 2007 677 2079 filiurn
702 2033 806 2102 quem
834 2008 987 2081 eundem
1008 2035 1073 2081 vo-

50 2145 103 2194 cat
135 2122 187 2193 D.
215 2123 343 2197 Paulus
378 2125 488 2208 Rom.
519 2124 617 2198 VIII.
649 2149 705 2211 32.
734 2151 810 2196 non
832 2128 976 2220 :qualem
1009 2127 1073 2200 ho·
1174 2175 1175 2178 =

49 2240 161 2320 mines
196 2263 328 2315 vocant
362 2242 485 2316 Deum
514 2241 653 2317 Patrem
682 2237 801 2329 ioum,
834 2242 1073 2339 Christusque
1165 2285 1166 2290 κ

49 2384 114 2432 nos
147 2358 272 2437 docuit
306 2385 405 2430 orare
437 2370 531 2430 Pater
560 2355 685 2448 noster)
722 2369 864 2451 equalem
892 2390 923 2433 st
946 2372 1073 2449 faciem

49 2482 123 2546 Deo.
179 2475 237 2550 Ex
266 2475 343 2570 ipsa
366 2501 452 2548 vero
475 2476 632 2547 miraculi
660 2475 806 2548 ueritate
832 2477 914 2549 facti
936 2477 974 2548 in
998 2479 1072 2550 sab·
1168 2527 1181 2534 ›=

48 2591 154 2678 bata,
183 2593 282 2686 quod
305 2593 426 2688 utique
449 2591 814 2678 noniniiciabantur,
842 2618 921 2669 cum
945 2596 1072 2667 exilio
1163 2580 1167 2587 ⁸

49 2708 237 2794 cavillandi
261 2736 378 2783 ansam
399 2709 606 2805 arriperent,
631 2708 786 2780 ostendit
807 2710 902 2780 suam
926 2736 1072 2782 consen-

47 2826 188 2904 sionem
216 2827 575 2921 coniunctionemque
599 2851 680 2899 curn
707 2825 811 2897 Patre
839 2847 996 2900 creatore
1022 2857 1089 2914 res

48 2969 150 3028 rum,
190 2961 225 3022 et
253 2963 396 3022 auctore
422 2942 578 3028 sabbati,
613 2969 634 3016 a
664 2969 737 3038 quo
770 2943 836 3013 nisi
862 2965 1074 3039 potestatem

47 3060 216 3146 haberet,
244 3086 318 3136 non
345 3080 466 3157 posset
495 3080 622 3157 praeter
650 3064 1095 3153 rerumnaturalemors
1160 3055 1175 3074 ⁸

47 3177 193 3262 dinem,
234 3177 335 3270 quod
363 3177 404 3260 fit
428 3176 466 3247 iu
499 3176 692 3264 miraculis,
729 3176 922 3272 quidquam
945 3177 1073 3255 facere.

47 3306 165 3381 Amen,
189 3319 279 3364 amera
295 3304 363 3365 dico
379 3306 468 3368 nabis
487 3290 547 3383 a):
575 3323 634 3366 nou
648 3315 754 3393 potest
772 3303 870 3362 Filius
888 3303 1077 3384 arefacere
1127 3359 1129 3364 .

48 3423 244 3505 quidquam,
280 3422 341 3482 nisi
367 3421 451 3502 quod
463 3409 595 3486 ¹uiderit
619 3421 745 3482 Patrem
761 3416 960 3495 facientem:
999 3438 1076 3501 qua·

45 3557 165 3621 eurique
200 3539 279 3599 eninr
310 3538 360 3598 ille
376 3537 508 3615 fecerit,
543 3537 602 3599 hac
632 3546 663 3596 ot
692 3535 790 3596 Filius
811 3529 956 3608 stmiliter
973 3536 1074 3614 facit.

25 3635 28 3642 ¹
49 3655 144 3718 Pater
164 3657 245 3720 euim
268 3655 371 3731 diligit
392 3655 523 3730 Filium,
551 3665 581 3714 et
599 3653 704 3713 omnia
725 3633 914 3710 damarutrat
936 3654 985 3730 ei,
1011 3674 1076 3738 qua

48 3775 111 3852 ipse
123 3771 237 3850 facita
264 3784 295 3847 et
319 3771 509 3834 maieroliis
532 3765 753 3831 demonstrabit
774 3768 802 3834 ti
827 3783 942 3846 opera,
965 3783 1002 3830 ut
1018 3789 1080 3831 aas.

52 3890 202 3951 miremini
223 3876 296 3950 etc(
338 3875 440 3950 Dum
467 3876 524 3950 hic
551 3874 654 3951 dicit:
699 3882 888 3986 Quaecunque
918 3890 997 3957 euim
1027 3876 1081 3949 tiu

88 4030 121 4105 a)
141 3998 188 4096 Ji.
218 4029 251 4093 V.
277 4011 319 4097 ¹9}
361 4125 367 4136 Ι
