2460 4560
160 329 204 402 16
453 307 781 356 “““““““··“

155 477 221 549 ista
248 467 444 559 'salutatios
460 468 623 542 timorem
650 474 795 565 angelus
823 490 1045 548 excusserat:
1086 474 1181 563 „Ne

156 594 314 678 timeas,
368 590 444 677 ait,
494 586 638 674 Maria,
687 586 851 661 invenisti
893 592 986 662 enim
1034 593 1182 688 gratiam

149 710 255 806 ,apud
279 708 424 779 Deum:
463 731 544 777 ecce
572 702 749 800 concipies
774 705 812 775 in
843 727 964 794 utero,
1004 729 1039 780 et
1059 711 1180 805 paries

93 839 95 843 ’
142 828 292 926 hlium„
327 843 362 895 et
392 821 538 894 vocabis
565 848 697 893 nomen
730 821 803 893 eius
833 823 961 895 Jesum.
1023 825 1094 896 Hic
1119 827 1183 899 erit

104 979 106 996 =
155 968 328 1039 magnus,
356 960 391 1012 et
412 938 504 1011 filius
526 939 698 1011 Altissinii
724 941 908 1013 vocabitur
919 968 931 1010 :·
957 961 992 1012 et
1012 943 1113 1014 dabit
1133 943 1182 1015 illi

29 1152 32 1158 Ι
118 1128 130 1161 x
152 1059 339 1133 Dominus
354 1056 457 1127 Deus
474 1056 591 1126 sedern
614 1055 738 1126 David
755 1055 866 1128 Patris
888 1056 980 1144 eius,
1002 1076 1038 1128 et
1058 1085 1180 1153 regna·

157 1176 269 1250 bitin
293 1175 403 1246 domo
426 1172 538 1245 Jacob
557 1171 594 1241 in
618 1191 806 1259 aeternum,
836 1191 871 1244 et
891 1174 989 1268 regni
1010 1173 1083 1246 eius
1106 1202 1180 1248 non

157 1292 224 1364 erit
254 1291 381 1362 finis.“
432 1289 526 1360 Cum
555 1308 647 1360 esset
669 1288 739 1359 iam
774 1302 868 1375 niro,
896 1304 945 1361 cui
979 1320 1087 1362 nomen
1111 1314 1179 1364 erat

153 1418 269 1498 Josepli
307 1412 344 1477 dc
382 1413 470 1476 domo
509 1411 634 1482 Dauid.
656 1401 733 1492 a),
790 1432 836 1476 ex
859 1453 861 1456 >
883 1407 1006 1477 eadem
1056 1409 1179 1480 secun·

105 1537 107 1540 ’
156 1527 242 1596 dum
271 1527 385 1617 legem
414 1521 544 1594 familia
576 1518 671 1616 regia
705 1513 879 1609 Davidis‚
916 1524 1069 1596 obscura
1096 1545 1180 1599 tunc

155 1667 313 1738 paupere
338 1662 372 1712 et
392 1639 529 1712 abiecta
548 1639 760 1736 desponsata
780 1638 901 1736 virgo}
932 1668 1084 1738 cumque
1104 1670 1179 1713 non

155 1762 216 1856 spe
237 1757 350 1856 prolis
380 1783 415 1829 se
439 1757 614 1854 accepisse
631 1757 767 1846 virum,
798 1785 845 1831 ex
867 1763 996 1854 angelo
1019 1779 1181 1855 quaerens

157 1876 243 1949 Deo
281 1876 411 1949 devota
450 1876 573 1972 virgo,
611 1888 761 1968 qrtomodo
788 1885 846 1963 fiet
884 1888 990 1962 istud,
1034 1892 1179 1968 quonium

43 2066 46 2070 A
155 2006 259 2064 virum
299 2020 357 2063 non
393 1990 656 2080 cognoscoab)
694 2014 784 2066 esset
826 2012 1020 2066 contestata
1034 2025 1070 2082 ·‚5
1093 1993 1178 2064 nihil

155 2108 350 2184 tamend'e
382 2108 497 2203 angeli
531 2109 800 2180 annuntiatione
835 2111 999 2182 dubitans
1029 2109 1067 2179 in
1101 2137 1180 2182 can·

155 2228 228 2300 tico
255 2227 318 2297 luo
350 2228 541 2297 exclamat:
581 2224 719 2331 „Fecit
745 2227 938 2322 potentiam
965 2226 1003 2322 in
1030 2226 1178 2298 brachio

50 2438 51 2441 Ἴ
155 2346 242 2428 suot
269 2340 433 2437 dispersit
456 2328 627 2437 superbos
647 2364 765 2414 mente
794 2345 911 2415 cordis
938 2343 1000 2415 sui.
1054 2343 1179 2440 Depo·

42 2491 45 2501 ’
154 2459 225 2533 suit
245 2478 410 2555 potentes
435 2460 480 2531 de
506 2460 607 2545 sede,
637 2480 671 2531 et
693 2460 859 2532 exaltavit
879 2452 1039 2532 humiles.
1091 2461 1192 2534 lusu„

155 2576 283 2648 rientes
311 2575 470 2672 implevit
492 2576 618 2665 bonis,
657 2577 846 2663 etdivites
878 2577 1008 2649 dimisit
1043 2576 1177 2650 inanes.
1220 2631 1223 2641 .

91 2746 94 2751 .
125 2757 132 2766 .
157 2692 318 2789 Suscepit
341 2694 445 2788 lsrael
471 2718 620 2789 puerum
644 2695 771 2778 suum,
812 2695 1015 2766 recordatus
1048 2694 1179 2766 miseri·
1194 2688 1206 2721 ²

156 2810 286 2882 cordiae
311 2811 392 2880 suae.
414 2811 436 2840 “
500 2809 577 2880 lam
607 2828 691 2880 tunc
715 2829 816 2882 utero
843 2813 906 2882 suo
939 2833 1177 2906 conceperat,

149 2928 200 3007 ⁵de
225 2949 297 3022 quo
317 2927 362 2997 ad
381 2952 457 2998 eam
472 2930 616 3021 augelus
629 2923 666 3014 c)
685 2925 790 2996 dixit:
818 2927 999 3022 „Spiritus
1028 2926 1175 3006 Sanctus

154 3041 377 3139 superveniet
400 3042 437 3113 in
464 3062 517 3128 te,
544 3063 578 3114 et
603 3043 713 3114 virtus
742 3042 915 3114 Altissimi
945 3043 1178 3115 obumbrabit

155 3160 240 3232 tibi:
278 3159 432 3254 ideoque
464 3177 498 3229 et
529 3159 628 3251 quod
655 3177 816 3229 nascetur
852 3186 897 3230 ex
930 3179 964 3231 te
996 3162 1176 3247 sanctum,

154 3274 342 3350 vocabitur
377 3273 486 3345 Filius
524 3272 608 3346 Dei.
674 3274 723 3345 Et
759 3302 840 3348 ecce
874 3276 1055 3348 Elisabeth
1095 3303 1178 3372 cog·

154 3411 352 3464 natartua:
398 3410 433 3462 et
468 3390 545 3486 ipsa
581 3392 747 3487 concepit
782 3392 893 3464 fili-um
924 3395 962 3464 in
995 3394 1176 3465 senectute

154 3512 236 3595 fua,
276 3529 311 3580 et
345 3509 403 3581 hic
430 3509 559 3580 mensis
586 3510 703 3582 sextus
732 3531 783 3581 est
809 3510 880 3594 illi,
919 3535 996 3604 quae
1023 3531 1176 3583 vocatur

157 3625 301 3697 sterilis:
341 3625 423 3720 quia
459 3625 633 3699 nou-erit
668 3615 885 3724 impossibile
919 3625 1015 3722 apud
1052 3620 1178 3700 Deum

155 3769 262 3818 omne
288 3743 447 3816 verbum.
466 3746 489 3775 “
657 3760 658 3763 ’

196 3980 359 4109 a)Luc..1.
383 3997 426 4052 27.
510 3982 669 4058 b)1h.34.
735 3982 844 4072 ‘c)1b.=
878 3999 923 4080 ζῇ.
