<?xml version="1.0" encoding="UTF-8"?>
<!DOCTYPE html PUBLIC "-//W3C//DTD XHTML 1.0 Transitional//EN"
    "http://www.w3.org/TR/xhtml1/DTD/xhtml1-transitional.dtd">
<html xmlns="http://www.w3.org/1999/xhtml" xml:lang="en" lang="en">
 <head>
  <title>
</title>
<meta http-equiv="Content-Type" content="text/html;charset=utf-8" />
  <meta name='ocr-system' content='tesseract 3.04.00' />
  <meta name='ocr-capabilities' content='ocr_page ocr_carea ocr_par ocr_line ocrx_word'/>
</head>
<body>
  <div class='ocr_page' id='page_1' title='image "./desublimiinevan01gerbgoog_0219.png"; bbox 0 0 2460 4560; ppageno 0'>
   <div class='ocr_carea' id='block_1_1' title="bbox 648 317 879 383">
    <p class='ocr_par' dir='ltr' id='par_1_1' title="bbox 648 317 879 383">
     <span class='ocr_line' id='line_1_1' title="bbox 648 317 879 347; baseline 0.004 -1"><span class='ocrx_word' id='word_1_1' title='bbox 648 317 879 347; x_wconf 83' lang='lat'>—</span> 
     </span>
     <span class='ocr_line' id='line_1_2' title="bbox 650 360 878 383; baseline 0.004 -10"><span class='ocrx_word' id='word_1_2' title='bbox 650 360 878 383; x_wconf 45' lang='lat' dir='ltr'>m</span> 
     </span>
    </p>
   </div>
   <div class='ocr_carea' id='block_1_2' title="bbox 169 472 1226 3379">
    <p class='ocr_par' dir='ltr' id='par_1_2' title="bbox 169 472 1226 928">
     <span class='ocr_line' id='line_1_3' title="bbox 192 472 1226 578; baseline 0.008 -33"><span class='ocrx_word' id='word_1_3' title='bbox 192 473 305 534; x_wconf 64' lang='lat' dir='ltr'><strong>CAPUT</strong></span> <span class='ocrx_word' id='word_1_4' title='bbox 328 477 446 572; x_wconf 86' lang='lat' dir='ltr'>pium,</span> <span class='ocrx_word' id='word_1_5' title='bbox 475 472 576 545; x_wconf 85' lang='lat' dir='ltr'>Deus</span> <span class='ocrx_word' id='word_1_6' title='bbox 600 498 674 543; x_wconf 93' lang='lat' dir='ltr'>nou</span> <span class='ocrx_word' id='word_1_7' title='bbox 700 473 816 544; x_wconf 85' lang='lat' dir='ltr'>habet.</span> <span class='ocrx_word' id='word_1_8' title='bbox 865 472 1045 574; x_wconf 88' lang='lat' dir='ltr'>Denique</span> <span class='ocrx_word' id='word_1_9' title='bbox 1068 494 1101 554; x_wconf 81' lang='lat' dir='ltr'>in</span> <span class='ocrx_word' id='word_1_10' title='bbox 1117 493 1179 574; x_wconf 77' lang='lat' dir='ltr'>prin</span> <span class='ocrx_word' id='word_1_11' title='bbox 1218 497 1226 578; x_wconf 65' lang='lat' dir='ltr'>‚j</span> 
     </span>
     <span class='ocr_line' id='line_1_4' title="bbox 234 584 1225 686; baseline 0.001 -23"><span class='ocrx_word' id='word_1_12' title='bbox 234 584 256 637; x_wconf 79' lang='lat'>¹·</span> <span class='ocrx_word' id='word_1_13' title='bbox 324 609 403 686; x_wconf 82' lang='lat' dir='ltr'>cipio</span> <span class='ocrx_word' id='word_1_14' title='bbox 429 604 548 661; x_wconf 82' lang='lat' dir='ltr'>creavit</span> <span class='ocrx_word' id='word_1_15' title='bbox 575 599 658 661; x_wconf 82' lang='lat' dir='ltr'>Deus</span> <span class='ocrx_word' id='word_1_16' title='bbox 684 601 809 675; x_wconf 74' lang='lat' dir='ltr'>celion,</span> <span class='ocrx_word' id='word_1_17' title='bbox 840 611 1030 668; x_wconf 71' lang='lat' dir='ltr'>etcertum.</span> <span class='ocrx_word' id='word_1_18' title='bbox 1095 599 1182 672; x_wconf 86' lang='lat' dir='ltr'>Aliud</span> <span class='ocrx_word' id='word_1_19' title='bbox 1223 614 1225 664; x_wconf 78' lang='grc' dir='ltr'>ἰ</span> 
     </span>
     <span class='ocr_line' id='line_1_5' title="bbox 169 693 1226 802; baseline 0.004 -20"><span class='ocrx_word' id='word_1_20' title='bbox 169 693 390 795; x_wconf 51' lang='lat' dir='ltr'>wwest,</span> <span class='ocrx_word' id='word_1_21' title='bbox 412 719 509 799; x_wconf 78' lang='lat' dir='ltr'>fecit:</span> <span class='ocrx_word' id='word_1_22' title='bbox 536 707 648 778; x_wconf 83' lang='lat' dir='ltr'>Aliud</span> <span class='ocrx_word' id='word_1_23' title='bbox 671 729 743 792; x_wconf 89' lang='lat' dir='ltr'>est,</span> <span class='ocrx_word' id='word_1_24' title='bbox 765 728 842 777; x_wconf 84' lang='lat' dir='ltr'>erat.</span> <span class='ocrx_word' id='word_1_25' title='bbox 897 709 1018 802; x_wconf 80' lang='lat' dir='ltr'>Quod</span> <span class='ocrx_word' id='word_1_26' title='bbox 1042 714 1198 802; x_wconf 78' lang='lat' dir='ltr'>fit,1nci</span> <span class='ocrx_word' id='word_1_27' title='bbox 1219 741 1226 799; x_wconf 79' lang='lat' dir='ltr'>l.</span> 
     </span>
     <span class='ocr_line' id='line_1_6' title="bbox 321 819 1226 935; baseline 0.009 -39"><span class='ocrx_word' id='word_1_28' title='bbox 321 826 400 935; x_wconf 91' lang='lat' dir='ltr'>pit·</span> <span class='ocrx_word' id='word_1_29' title='bbox 424 825 547 916; x_wconf 83' lang='lat' dir='ltr'>Quod</span> <span class='ocrx_word' id='word_1_30' title='bbox 575 843 669 909; x_wconf 90' lang='lat' dir='ltr'>erat,</span> <span class='ocrx_word' id='word_1_31' title='bbox 697 819 909 919; x_wconf 89' lang='lat' dir='ltr'>principium</span> <span class='ocrx_word' id='word_1_32' title='bbox 944 855 1025 900; x_wconf 91' lang='lat' dir='ltr'>non</span> <span class='ocrx_word' id='word_1_33' title='bbox 1058 833 1182 928; x_wconf 89' lang='lat' dir='ltr'>accipit,</span> <span class='ocrx_word' id='word_1_34' title='bbox 1219 873 1226 916; x_wconf 53' lang='grc' dir='ltr'>ε</span> 
     </span>
    </p>

    <p class='ocr_par' dir='ltr' id='par_1_3' title="bbox 319 940 1226 1739">
     <span class='ocr_line' id='line_1_7' title="bbox 320 940 1182 1046; baseline 0.008 -32"><span class='ocrx_word' id='word_1_35' title='bbox 320 943 380 1015; x_wconf 86' lang='lat' dir='ltr'>led</span> <span class='ocrx_word' id='word_1_36' title='bbox 405 941 586 1038; x_wconf 40' lang='lat' dir='ltr'>prQaevenit</span> <span class='ocrx_word' id='word_1_37' title='bbox 640 940 867 1011; x_wconf 78' lang='lat' dir='ltr'>Remaneant</span> <span class='ocrx_word' id='word_1_38' title='bbox 888 943 996 1015; x_wconf 83' lang='lat' dir='ltr'>etiam</span> <span class='ocrx_word' id='word_1_39' title='bbox 1023 968 1182 1046; x_wconf 79' lang='lat' dir='ltr'>tempora,</span> 
     </span>
     <span class='ocr_line' id='line_1_8' title="bbox 322 1058 1226 1155; baseline 0.007 -25"><span class='ocrx_word' id='word_1_40' title='bbox 322 1061 406 1154; x_wconf 88' lang='lat' dir='ltr'>quia</span> <span class='ocrx_word' id='word_1_41' title='bbox 440 1077 524 1155; x_wconf 88' lang='lat' dir='ltr'>post</span> <span class='ocrx_word' id='word_1_42' title='bbox 558 1058 684 1128; x_wconf 89' lang='lat' dir='ltr'>coelum</span> <span class='ocrx_word' id='word_1_43' title='bbox 722 1077 920 1151; x_wconf 77' lang='lat' dir='ltr'>tempora.-</span> <span class='ocrx_word' id='word_1_44' title='bbox 975 1063 1184 1138; x_wconf 83' lang='lat' dir='ltr'>Remaueant</span> <span class='ocrx_word' id='word_1_45' title='bbox 1218 1107 1226 1153; x_wconf 78' lang='lat' dir='ltr'>t</span> 
     </span>
     <span class='ocr_line' id='line_1_9' title="bbox 321 1166 1223 1280; baseline -0.009 -32"><span class='ocrx_word' id='word_1_46' title='bbox 321 1178 424 1248; x_wconf 86' lang='lat' dir='ltr'>etiam</span> <span class='ocrx_word' id='word_1_47' title='bbox 456 1174 610 1268; x_wconf 83' lang='lat' dir='ltr'>Angeli,</span> <span class='ocrx_word' id='word_1_48' title='bbox 646 1194 681 1244; x_wconf 87' lang='lat' dir='ltr'>et</span> <span class='ocrx_word' id='word_1_49' title='bbox 704 1168 946 1280; x_wconf 77' lang='lat' dir='ltr'>Archangeli;</span> <span class='ocrx_word' id='word_1_50' title='bbox 981 1182 1051 1253; x_wconf 85' lang='lat' dir='ltr'>etsi</span> <span class='ocrx_word' id='word_1_51' title='bbox 1079 1183 1197 1279; x_wconf 67' lang='lat' dir='ltr'>prim.-</span> <span class='ocrx_word' id='word_1_52' title='bbox 1218 1166 1223 1205; x_wconf 42' lang='grc' dir='ltr'><em>Γ</em></span> 
     </span>
     <span class='ocr_line' id='line_1_10' title="bbox 321 1289 1182 1390; baseline 0.007 -27"><span class='ocrx_word' id='word_1_53' title='bbox 321 1295 417 1390; x_wconf 88' lang='lat' dir='ltr'>pium</span> <span class='ocrx_word' id='word_1_54' title='bbox 454 1318 576 1364; x_wconf 90' lang='lat' dir='ltr'>eorum</span> <span class='ocrx_word' id='word_1_55' title='bbox 608 1318 690 1380; x_wconf 89' lang='lat' dir='ltr'>non</span> <span class='ocrx_word' id='word_1_56' title='bbox 728 1289 901 1378; x_wconf 89' lang='lat' dir='ltr'>inveni0,</span> <span class='ocrx_word' id='word_1_57' title='bbox 944 1317 1021 1369; x_wconf 87' lang='lat' dir='ltr'>erat</span> <span class='ocrx_word' id='word_1_58' title='bbox 1063 1319 1182 1385; x_wconf 88' lang='lat' dir='ltr'>tamen,</span> 
     </span>
     <span class='ocr_line' id='line_1_11' title="bbox 321 1407 1226 1510; baseline 0 -29"><span class='ocrx_word' id='word_1_59' title='bbox 321 1409 465 1505; x_wconf 80' lang='lat' dir='ltr'>quando</span> <span class='ocrx_word' id='word_1_60' title='bbox 486 1435 557 1480; x_wconf 93' lang='lat' dir='ltr'>non</span> <span class='ocrx_word' id='word_1_61' title='bbox 580 1410 719 1479; x_wconf 81' lang='lat' dir='ltr'>erant.“</span> <span class='ocrx_word' id='word_1_62' title='bbox 762 1408 811 1479; x_wconf 86' lang='lat' dir='ltr'>Et</span> <span class='ocrx_word' id='word_1_63' title='bbox 828 1407 909 1480; x_wconf 89' lang='lat' dir='ltr'>alibi</span> <span class='ocrx_word' id='word_1_64' title='bbox 930 1407 993 1499; x_wconf 78' lang='lat' dir='ltr'>a),</span> <span class='ocrx_word' id='word_1_65' title='bbox 1015 1441 1096 1510; x_wconf 80' lang='lat' dir='ltr'>quae</span> <span class='ocrx_word' id='word_1_66' title='bbox 1114 1441 1183 1487; x_wconf 80' lang='lat' dir='ltr'>mox</span> <span class='ocrx_word' id='word_1_67' title='bbox 1219 1429 1226 1499; x_wconf 60' lang='grc' dir='ltr'>ξ</span> 
     </span>
     <span class='ocr_line' id='line_1_12' title="bbox 319 1523 1226 1622; baseline 0.006 -22"><span class='ocrx_word' id='word_1_68' title='bbox 319 1530 511 1622; x_wconf 83' lang='lat' dir='ltr'>lequuntur</span> <span class='ocrx_word' id='word_1_69' title='bbox 543 1524 639 1620; x_wconf 89' lang='lat' dir='ltr'>apud</span> <span class='ocrx_word' id='word_1_70' title='bbox 665 1523 863 1612; x_wconf 84' lang='lat' dir='ltr'>loannem,</span> <span class='ocrx_word' id='word_1_71' title='bbox 900 1524 999 1599; x_wconf 86' lang='lat' dir='ltr'>idem</span> <span class='ocrx_word' id='word_1_72' title='bbox 1037 1531 1069 1607; x_wconf 86' lang='lat' dir='ltr'>S.</span> <span class='ocrx_word' id='word_1_73' title='bbox 1099 1533 1184 1604; x_wconf 86' lang='lat' dir='ltr'>Pater</span> <span class='ocrx_word' id='word_1_74' title='bbox 1221 1544 1226 1612; x_wconf 69' lang='lat' dir='ltr'>&#39;t</span> 
     </span>
     <span class='ocr_line' id='line_1_13' title="bbox 320 1639 1226 1739; baseline 0.004 -23"><span class='ocrx_word' id='word_1_75' title='bbox 320 1648 553 1739; x_wconf 85' lang='lat' dir='ltr'>complexus,</span> <span class='ocrx_word' id='word_1_76' title='bbox 582 1639 765 1712; x_wconf 78' lang='lat' dir='ltr'>haereticos</span> <span class='ocrx_word' id='word_1_77' title='bbox 798 1641 931 1730; x_wconf 85' lang='lat' dir='ltr'>Christi</span> <span class='ocrx_word' id='word_1_78' title='bbox 960 1644 1183 1722; x_wconf 87' lang='lat' dir='ltr'>Divinitatem</span> <span class='ocrx_word' id='word_1_79' title='bbox 1225 1689 1226 1698; x_wconf 23' lang='grc' dir='ltr'><strong>κ</strong></span> 
     </span>
    </p>

    <p class='ocr_par' dir='ltr' id='par_1_4' title="bbox 320 1760 1184 1858">
     <span class='ocr_line' id='line_1_14' title="bbox 320 1760 1184 1858; baseline 0.006 -23"><span class='ocrx_word' id='word_1_80' title='bbox 320 1781 490 1858; x_wconf 76' lang='lat' dir='ltr'><strong>negantes</strong></span> <span class='ocrx_word' id='word_1_81' title='bbox 510 1760 706 1844; x_wconf 84' lang='lat' dir='ltr'>incessens,</span> <span class='ocrx_word' id='word_1_82' title='bbox 734 1811 755 1846; x_wconf 85' lang='lat'>„</span> <span class='ocrx_word' id='word_1_83' title='bbox 764 1760 869 1845; x_wconf 88' lang='lat' dir='ltr'>Erat,</span> <span class='ocrx_word' id='word_1_84' title='bbox 890 1781 982 1847; x_wconf 84' lang='lat' dir='ltr'>erat,</span> <span class='ocrx_word' id='word_1_85' title='bbox 1003 1786 1097 1854; x_wconf 84' lang='lat' dir='ltr'>erat,</span> <span class='ocrx_word' id='word_1_86' title='bbox 1117 1787 1184 1852; x_wconf 83' lang='lat' dir='ltr'>erat,</span> 
     </span>
    </p>

    <p class='ocr_par' dir='ltr' id='par_1_5' title="bbox 320 1875 1183 1973">
     <span class='ocr_line' id='line_1_15' title="bbox 320 1875 1183 1973; baseline 0.003 -22"><span class='ocrx_word' id='word_1_87' title='bbox 320 1880 388 1966; x_wconf 86' lang='lat' dir='ltr'>ait,</span> <span class='ocrx_word' id='word_1_88' title='bbox 418 1879 510 1949; x_wconf 88' lang='lat' dir='ltr'>Ecce</span> <span class='ocrx_word' id='word_1_89' title='bbox 535 1897 656 1973; x_wconf 83' lang='lat' dir='ltr'>quater</span> <span class='ocrx_word' id='word_1_90' title='bbox 684 1881 779 1946; x_wconf 85' lang='lat' dir='ltr'>erat!</span> <span class='ocrx_word' id='word_1_91' title='bbox 803 1875 863 1946; x_wconf 92' lang='lat' dir='ltr'>ubi</span> <span class='ocrx_word' id='word_1_92' title='bbox 885 1875 1017 1973; x_wconf 72' lang='lat' dir='ltr'>impius</span> <span class='ocrx_word' id='word_1_93' title='bbox 1041 1878 1183 1968; x_wconf 89' lang='lat' dir='ltr'>invenit,</span> 
     </span>
    </p>

    <p class='ocr_par' dir='ltr' id='par_1_6' title="bbox 319 1991 1188 2091">
     <span class='ocr_line' id='line_1_16' title="bbox 319 1991 1188 2091; baseline -0.01 -24"><span class='ocrx_word' id='word_1_94' title='bbox 319 1995 418 2091; x_wconf 89' lang='lat' dir='ltr'>quod</span> <span class='ocrx_word' id='word_1_95' title='bbox 443 2022 517 2065; x_wconf 90' lang='lat' dir='ltr'>nou</span> <span class='ocrx_word' id='word_1_96' title='bbox 542 1996 659 2064; x_wconf 83' lang='lat' dir='ltr'>erat.“</span> <span class='ocrx_word' id='word_1_97' title='bbox 710 1993 741 2063; x_wconf 88' lang='lat' dir='ltr'>S.</span> <span class='ocrx_word' id='word_1_98' title='bbox 769 1991 922 2064; x_wconf 85' lang='lat' dir='ltr'>Hilarius</span> <span class='ocrx_word' id='word_1_99' title='bbox 947 1993 1006 2084; x_wconf 56' lang='lat' dir='ltr'>b),</span> <span class='ocrx_word' id='word_1_100' title='bbox 1035 2051 1059 2085; x_wconf 83' lang='lat'>„</span> <span class='ocrx_word' id='word_1_101' title='bbox 1069 2000 1106 2070; x_wconf 89' lang='lat' dir='ltr'>T</span> <span class='ocrx_word' id='word_1_102' title='bbox 1107 2027 1188 2072; x_wconf 69' lang='lat' dir='ltr'>rans.</span> 
     </span>
    </p>

    <p class='ocr_par' dir='ltr' id='par_1_7' title="bbox 260 2091 1226 3379">
     <span class='ocr_line' id='line_1_17' title="bbox 260 2091 1226 2204; baseline 0.008 -24"><span class='ocrx_word' id='word_1_103' title='bbox 260 2091 263 2095; x_wconf 82' lang='lat'>.</span> <span class='ocrx_word' id='word_1_104' title='bbox 320 2131 447 2182; x_wconf 84' lang='lat' dir='ltr'>cuntur</span> <span class='ocrx_word' id='word_1_105' title='bbox 487 2131 668 2204; x_wconf 81' lang='lat' dir='ltr'>tempora,</span> <span class='ocrx_word' id='word_1_106' title='bbox 706 2108 842 2204; x_wconf 78' lang='lat' dir='ltr'>inquit,</span> <span class='ocrx_word' id='word_1_107' title='bbox 880 2117 1186 2189; x_wconf 84' lang='lat' dir='ltr'>transsceuduntur</span> <span class='ocrx_word' id='word_1_108' title='bbox 1223 2096 1226 2155; x_wconf 58' lang='lat' dir='ltr'>i</span> 
     </span>
     <span class='ocr_line' id='line_1_18' title="bbox 317 2227 1186 2330; baseline 0.009 -31"><span class='ocrx_word' id='word_1_109' title='bbox 317 2230 460 2310; x_wconf 69' lang='lat' dir='ltr'>fecula,</span> <span class='ocrx_word' id='word_1_110' title='bbox 477 2229 647 2297; x_wconf 86' lang='lat' dir='ltr'>tolluntur</span> <span class='ocrx_word' id='word_1_111' title='bbox 662 2247 794 2297; x_wconf 81' lang='lat' dir='ltr'>aetates:</span> <span class='ocrx_word' id='word_1_112' title='bbox 814 2253 912 2322; x_wconf 85' lang='lat' dir='ltr'>pone</span> <span class='ocrx_word' id='word_1_113' title='bbox 926 2227 1083 2325; x_wconf 86' lang='lat' dir='ltr'>aliquid,</span> <span class='ocrx_word' id='word_1_114' title='bbox 1100 2234 1186 2330; x_wconf 92' lang='lat' dir='ltr'>quod</span> 
     </span>
     <span class='ocr_line' id='line_1_19' title="bbox 317 2342 1187 2440; baseline 0.008 -24"><span class='ocrx_word' id='word_1_115' title='bbox 317 2348 417 2416; x_wconf 87' lang='lat' dir='ltr'>voles</span> <span class='ocrx_word' id='word_1_116' title='bbox 433 2364 499 2414; x_wconf 73' lang='lat' dir='ltr'>tuae</span> <span class='ocrx_word' id='word_1_117' title='bbox 516 2342 693 2438; x_wconf 86' lang='lat' dir='ltr'>opinionis</span> <span class='ocrx_word' id='word_1_118' title='bbox 712 2343 940 2440; x_wconf 77' lang='lat' dir='ltr'>principium,</span> <span class='ocrx_word' id='word_1_119' title='bbox 957 2351 1111 2422; x_wconf 90' lang='lat' dir='ltr'>verbum</span> <span class='ocrx_word' id='word_1_120' title='bbox 1127 2353 1187 2422; x_wconf 86' lang='lat' dir='ltr'>iam</span> 
     </span>
     <span class='ocr_line' id='line_1_20' title="bbox 317 2459 1185 2557; baseline 0.007 -24"><span class='ocrx_word' id='word_1_121' title='bbox 317 2482 408 2547; x_wconf 91' lang='lat' dir='ltr'>erat,</span> <span class='ocrx_word' id='word_1_122' title='bbox 429 2459 523 2532; x_wconf 90' lang='lat' dir='ltr'>unde</span> <span class='ocrx_word' id='word_1_123' title='bbox 545 2479 719 2532; x_wconf 82' lang='lat' dir='ltr'>tractatur.</span> <span class='ocrx_word' id='word_1_124' title='bbox 760 2461 917 2557; x_wconf 86' lang='lat' dir='ltr'>Respice</span> <span class='ocrx_word' id='word_1_125' title='bbox 941 2465 988 2534; x_wconf 85' lang='lat' dir='ltr'>ad</span> <span class='ocrx_word' id='word_1_126' title='bbox 1009 2471 1185 2553; x_wconf 89' lang='lat' dir='ltr'>mundum,</span> 
     </span>
     <span class='ocr_line' id='line_1_21' title="bbox 306 2578 1186 2676; baseline 0.007 -26"><span class='ocrx_word' id='word_1_127' title='bbox 306 2579 492 2674; x_wconf 82' lang='lat' dir='ltr'>intellige,</span> <span class='ocrx_word' id='word_1_128' title='bbox 520 2578 672 2673; x_wconf 82' lang='lat' dir='ltr'>quidde</span> <span class='ocrx_word' id='word_1_129' title='bbox 700 2604 742 2649; x_wconf 90' lang='lat' dir='ltr'>eo</span> <span class='ocrx_word' id='word_1_130' title='bbox 764 2580 928 2675; x_wconf 83' lang='lat' dir='ltr'>[criptum</span> <span class='ocrx_word' id='word_1_131' title='bbox 954 2601 1030 2653; x_wconf 69' lang='lat' dir='ltr'>estzss</span> <span class='ocrx_word' id='word_1_132' title='bbox 1059 2596 1096 2655; x_wconf 82' lang='lat' dir='ltr'>In</span> <span class='ocrx_word' id='word_1_133' title='bbox 1110 2598 1186 2676; x_wconf 81' lang='lat' dir='ltr'>prin·</span> 
     </span>
     <span class='ocr_line' id='line_1_22' title="bbox 317 2682 1226 2798; baseline 0.01 -30"><span class='ocrx_word' id='word_1_134' title='bbox 317 2711 397 2787; x_wconf 82' lang='lat' dir='ltr'>cipio</span> <span class='ocrx_word' id='word_1_135' title='bbox 423 2709 543 2767; x_wconf 83' lang='lat' dir='ltr'>creavit</span> <span class='ocrx_word' id='word_1_136' title='bbox 563 2705 647 2766; x_wconf 83' lang='lat' dir='ltr'>Deus</span> <span class='ocrx_word' id='word_1_137' title='bbox 671 2699 784 2765; x_wconf 60' lang='lat' dir='ltr'>coelum&#39;</span> <span class='ocrx_word' id='word_1_138' title='bbox 797 2719 828 2767; x_wconf 82' lang='lat' dir='ltr'>et</span> <span class='ocrx_word' id='word_1_139' title='bbox 850 2695 976 2770; x_wconf 55' lang='lat' dir='ltr'>terrama</span> <span class='ocrx_word' id='word_1_140' title='bbox 1027 2701 1088 2775; x_wconf 88' lang='lat' dir='ltr'>Fit</span> <span class='ocrx_word' id='word_1_141' title='bbox 1110 2730 1184 2798; x_wconf 87' lang='lat' dir='ltr'>ergo</span> <span class='ocrx_word' id='word_1_142' title='bbox 1224 2682 1226 2777; x_wconf 82' lang='lat' dir='ltr'>i</span> 
     </span>
     <span class='ocr_line' id='line_1_23' title="bbox 315 2808 1187 2910; baseline 0.007 -25"><span class='ocrx_word' id='word_1_143' title='bbox 315 2815 353 2885; x_wconf 92' lang='lat' dir='ltr'>in</span> <span class='ocrx_word' id='word_1_144' title='bbox 376 2808 571 2910; x_wconf 86' lang='lat' dir='ltr'>principio,</span> <span class='ocrx_word' id='word_1_145' title='bbox 601 2812 699 2907; x_wconf 91' lang='lat' dir='ltr'>quod</span> <span class='ocrx_word' id='word_1_146' title='bbox 727 2833 880 2900; x_wconf 88' lang='lat' dir='ltr'>creatur,</span> <span class='ocrx_word' id='word_1_147' title='bbox 904 2830 938 2886; x_wconf 86' lang='lat' dir='ltr'>et</span> <span class='ocrx_word' id='word_1_148' title='bbox 959 2837 1065 2891; x_wconf 70' lang='lat' dir='ltr'>aetate</span> <span class='ocrx_word' id='word_1_149' title='bbox 1088 2821 1187 2893; x_wconf 89' lang='lat' dir='ltr'>conti·</span> 
     </span>
     <span class='ocr_line' id='line_1_24' title="bbox 314 2928 1181 3026; baseline 0.006 -23"><span class='ocrx_word' id='word_1_150' title='bbox 314 2954 395 3018; x_wconf 72' lang='lat' dir='ltr'>neS,</span> <span class='ocrx_word' id='word_1_151' title='bbox 415 2928 512 3026; x_wconf 87' lang='lat' dir='ltr'>quod</span> <span class='ocrx_word' id='word_1_152' title='bbox 531 2932 567 3001; x_wconf 92' lang='lat' dir='ltr'>in</span> <span class='ocrx_word' id='word_1_153' title='bbox 588 2930 762 3026; x_wconf 90' lang='lat' dir='ltr'>principio</span> <span class='ocrx_word' id='word_1_154' title='bbox 782 2931 1004 3021; x_wconf 72' lang='lat' dir='ltr'>continetur,</span> <span class='ocrx_word' id='word_1_155' title='bbox 1024 2957 1067 3008; x_wconf 89' lang='lat' dir='ltr'>ut</span> <span class='ocrx_word' id='word_1_156' title='bbox 1084 2939 1181 3010; x_wconf 90' lang='lat' dir='ltr'>fieret.</span> 
     </span>
     <span class='ocr_line' id='line_1_25' title="bbox 314 3048 1182 3142; baseline 0.007 -22"><span class='ocrx_word' id='word_1_157' title='bbox 314 3049 427 3120; x_wconf 80' lang='lat' dir='ltr'>Meus</span> <span class='ocrx_word' id='word_1_158' title='bbox 455 3068 570 3119; x_wconf 90' lang='lat' dir='ltr'>autem</span> <span class='ocrx_word' id='word_1_159' title='bbox 588 3049 746 3142; x_wconf 85' lang='lat' dir='ltr'>piscator</span> <span class='ocrx_word' id='word_1_160' title='bbox 772 3048 973 3135; x_wconf 86' lang='lat' dir='ltr'>illiteratus,</span> <span class='ocrx_word' id='word_1_161' title='bbox 1001 3048 1182 3140; x_wconf 88' lang='lat' dir='ltr'>indoctus,</span> 
     </span>
     <span class='ocr_line' id='line_1_26' title="bbox 313 3166 1183 3259; baseline 0.005 -22"><span class='ocrx_word' id='word_1_162' title='bbox 313 3166 401 3238; x_wconf 91' lang='lat' dir='ltr'>liber</span> <span class='ocrx_word' id='word_1_163' title='bbox 432 3191 452 3235; x_wconf 86' lang='lat' dir='ltr'>a</span> <span class='ocrx_word' id='word_1_164' title='bbox 483 3184 666 3259; x_wconf 89' lang='lat' dir='ltr'>tempore,</span> <span class='ocrx_word' id='word_1_165' title='bbox 703 3167 836 3237; x_wconf 82' lang='lat' dir='ltr'>solutus</span> <span class='ocrx_word' id='word_1_166' title='bbox 867 3193 887 3236; x_wconf 88' lang='lat' dir='ltr'>a</span> <span class='ocrx_word' id='word_1_167' title='bbox 916 3167 1075 3258; x_wconf 82' lang='lat' dir='ltr'>saeculis,</span> <span class='ocrx_word' id='word_1_168' title='bbox 1109 3171 1183 3245; x_wconf 88' lang='lat' dir='ltr'>vicit</span> 
     </span>
     <span class='ocr_line' id='line_1_27' title="bbox 313 3268 1151 3379; baseline 0.007 -23"><span class='ocrx_word' id='word_1_169' title='bbox 313 3305 419 3356; x_wconf 87' lang='lat' dir='ltr'>omne</span> <span class='ocrx_word' id='word_1_170' title='bbox 442 3268 676 3378; x_wconf 82' lang='lat' dir='ltr'>principium,-</span> <span class='ocrx_word' id='word_1_171' title='bbox 697 3283 907 3372; x_wconf 86' lang='lat' dir='ltr'>eratenim,</span> <span class='ocrx_word' id='word_1_172' title='bbox 931 3287 1036 3379; x_wconf 91' lang='lat' dir='ltr'>quod·</span> <span class='ocrx_word' id='word_1_173' title='bbox 1060 3310 1121 3362; x_wconf 84' lang='lat' dir='ltr'>est</span> <span class='ocrx_word' id='word_1_174' title='bbox 1131 3292 1151 3327; x_wconf 82' lang='lat'>“</span> 
     </span>
    </p>
   </div>
   <div class='ocr_carea' id='block_1_3' title="bbox 1222 3470 1226 3539">
    <p class='ocr_par' dir='ltr' id='par_1_8' title="bbox 1222 3470 1226 3539">
     <span class='ocr_line' id='line_1_28' title="bbox 1222 3470 1226 3539; baseline 0 0"><span class='ocrx_word' id='word_1_175' title='bbox 1222 3470 1226 3539; x_wconf 87' lang='lat' dir='ltr'>l</span> 
     </span>
    </p>
   </div>
   <div class='ocr_carea' id='block_1_4' title="bbox 157 3491 1226 3623">
    <p class='ocr_par' dir='ltr' id='par_1_9' title="bbox 157 3491 1226 3623">
     <span class='ocr_line' id='line_1_29' title="bbox 157 3491 1226 3623; baseline 0.01 -39"><span class='ocrx_word' id='word_1_176' title='bbox 157 3491 290 3596; x_wconf 68' lang='grc' dir='ltr'><em>ἷλᾶγος</em></span> <span class='ocrx_word' id='word_1_177' title='bbox 388 3511 516 3590; x_wconf 82' lang='lat' dir='ltr'>Multo</span> <span class='ocrx_word' id='word_1_178' title='bbox 549 3507 698 3612; x_wconf 86' lang='lat' dir='ltr'>amplior</span> <span class='ocrx_word' id='word_1_179' title='bbox 730 3537 783 3590; x_wconf 86' lang='lat' dir='ltr'>est</span> <span class='ocrx_word' id='word_1_180' title='bbox 811 3543 934 3613; x_wconf 78' lang='lat' dir='ltr'>graecae</span> <span class='ocrx_word' id='word_1_181' title='bbox 961 3522 1089 3610; x_wconf 91' lang='lat' dir='ltr'>vocis,</span> <span class='ocrx_word' id='word_1_182' title='bbox 1122 3544 1226 3623; x_wconf 54' lang='lat' dir='ltr'>qua:</span> 
     </span>
    </p>
   </div>
   <div class='ocr_carea' id='block_1_5' title="bbox 156 3607 1180 3767">
    <p class='ocr_par' dir='ltr' id='par_1_10' title="bbox 156 3607 1180 3767">
     <span class='ocr_line' id='line_1_30' title="bbox 156 3607 1180 3767; baseline 0.069 -114"><span class='ocrx_word' id='word_1_183' title='bbox 156 3607 276 3744; x_wconf 43' lang='lat' dir='ltr'>{ppulo</span> <span class='ocrx_word' id='word_1_184' title='bbox 313 3658 395 3706; x_wconf 55' lang='lat' dir='ltr'>usus</span> <span class='ocrx_word' id='word_1_185' title='bbox 423 3633 535 3706; x_wconf 71' lang='lat' dir='ltr'>ests</span> <span class='ocrx_word' id='word_1_186' title='bbox 559 3633 809 3729; x_wconf 80' lang='lat' dir='ltr'>Evangelista,</span> <span class='ocrx_word' id='word_1_187' title='bbox 825 3637 950 3721; x_wconf 88' lang='lat' dir='ltr'>notio,</span> <span class='ocrx_word' id='word_1_188' title='bbox 971 3625 1103 3731; x_wconf 77' lang='grc' dir='ltr'><em>λογος,</em></span> <span class='ocrx_word' id='word_1_189' title='bbox 1121 3665 1180 3767; x_wconf 37' lang='lat' dir='ltr'>qu·a</span> 
     </span>
    </p>
   </div>
   <div class='ocr_carea' id='block_1_6' title="bbox 155 3751 1178 3848">
    <p class='ocr_par' dir='ltr' id='par_1_11' title="bbox 155 3751 1178 3848">
     <span class='ocr_line' id='line_1_31' title="bbox 155 3751 1178 3848; baseline 0 -20"><span class='ocrx_word' id='word_1_190' title='bbox 155 3773 239 3837; x_wconf 77' lang='lat' dir='ltr'>Filius</span> <span class='ocrx_word' id='word_1_191' title='bbox 258 3752 416 3825; x_wconf 77' lang='lat' dir='ltr'>ueletiam</span> <span class='ocrx_word' id='word_1_192' title='bbox 438 3751 668 3847; x_wconf 84' lang='lat' dir='ltr'>antiquissimi</span> <span class='ocrx_word' id='word_1_193' title='bbox 688 3753 823 3848; x_wconf 87' lang='lat' dir='ltr'>lophi</span> <span class='ocrx_word' id='word_1_194' title='bbox 813 3781 849 3824; x_wconf 84' lang='lat' dir='ltr'>iu</span> <span class='ocrx_word' id='word_1_195' title='bbox 870 3754 998 3828; x_wconf 87' lang='lat' dir='ltr'>divinis</span> <span class='ocrx_word' id='word_1_196' title='bbox 1017 3758 1101 3830; x_wconf 82' lang='lat' dir='ltr'>funt</span> <span class='ocrx_word' id='word_1_197' title='bbox 1119 3756 1178 3831; x_wconf 85' lang='lat' dir='ltr'>usi:</span> 
     </span>
    </p>
   </div>
   <div class='ocr_carea' id='block_1_7' title="bbox 155 3870 1036 4098">
    <p class='ocr_par' dir='ltr' id='par_1_12' title="bbox 155 3870 1036 4098">
     <span class='ocr_line' id='line_1_32' title="bbox 155 3870 291 3925; baseline -0.029 -15"><span class='ocrx_word' id='word_1_198' title='bbox 155 3870 291 3925; x_wconf 79' lang='lat' dir='ltr'>perquem</span> 
     </span>
     <span class='ocr_line' id='line_1_33' title="bbox 157 3934 695 4005; baseline -0.004 -13"><span class='ocrx_word' id='word_1_199' title='bbox 157 3936 310 3994; x_wconf 68' lang='lat' dir='ltr'>omniafere·</span> <span class='ocrx_word' id='word_1_200' title='bbox 354 3934 385 4000; x_wconf 85' lang='lat' dir='ltr'>o)</span> <span class='ocrx_word' id='word_1_201' title='bbox 407 3935 436 3991; x_wconf 78' lang='lat' dir='ltr'>L.</span> <span class='ocrx_word' id='word_1_202' title='bbox 463 3935 487 3990; x_wconf 90' lang='grc'>1.</span> <span class='ocrx_word' id='word_1_203' title='bbox 511 3936 539 3987; x_wconf 85' lang='lat' dir='ltr'>cle</span> <span class='ocrx_word' id='word_1_204' title='bbox 553 3936 604 4005; x_wconf 74' lang='lat' dir='ltr'>fiile</span> <span class='ocrx_word' id='word_1_205' title='bbox 625 3954 646 3990; x_wconf 82' lang='lat' dir='ltr'>c.</span> <span class='ocrx_word' id='word_1_206' title='bbox 672 3952 695 4000; x_wconf 80' lang='grc' dir='ltr'>ς.</span> 
     </span>
     <span class='ocr_line' id='line_1_34' title="bbox 155 4014 1036 4098; baseline -0.008 -19"><span class='ocrx_word' id='word_1_207' title='bbox 155 4030 182 4079; x_wconf 76' lang='lat' dir='ltr'>tr</span> <span class='ocrx_word' id='word_1_208' title='bbox 202 4019 270 4078; x_wconf 75' lang='lat' dir='ltr'>sunl.</span> <span class='ocrx_word' id='word_1_209' title='bbox 356 4017 386 4092; x_wconf 77' lang='lat' dir='ltr'>l)</span> <span class='ocrx_word' id='word_1_210' title='bbox 408 4016 438 4076; x_wconf 76' lang='grc' dir='ltr'>Ζ.</span> <span class='ocrx_word' id='word_1_211' title='bbox 465 4014 504 4076; x_wconf 84' lang='lat' dir='ltr'>II.</span> <span class='ocrx_word' id='word_1_212' title='bbox 528 4020 557 4071; x_wconf 80' lang='lat' dir='ltr'>tle</span> <span class='ocrx_word' id='word_1_213' title='bbox 583 4019 677 4074; x_wconf 73' lang='lat' dir='ltr'>Irinit.</span> <span class='ocrx_word' id='word_1_214' title='bbox 702 4039 727 4080; x_wconf 83' lang='lat' dir='ltr'>n.</span> <span class='ocrx_word' id='word_1_215' title='bbox 755 4034 797 4089; x_wconf 80' lang='lat'>13.</span> <span class='ocrx_word' id='word_1_216' title='bbox 822 4034 848 4090; x_wconf 75' lang='lat' dir='ltr'>p,</span> <span class='ocrx_word' id='word_1_217' title='bbox 872 4034 936 4098; x_wconf 74' lang='lat'>795,</span> <span class='ocrx_word' id='word_1_218' title='bbox 987 4069 990 4072; x_wconf 12' lang='grc' dir='ltr'><em>Δ</em></span> <span class='ocrx_word' id='word_1_219' title='bbox 1033 4027 1036 4031; x_wconf 85' lang='grc'><strong>’</strong></span> 
     </span>
    </p>
   </div>
   <div class='ocr_carea' id='block_1_8' title="bbox 0 0 1234 4560">
    <p class='ocr_par' dir='ltr' id='par_1_13' title="bbox 0 0 1234 4560">
     <span class='ocr_line' id='line_1_35' title="bbox 0 0 1234 4560; baseline 0 3"><span class='ocrx_word' id='word_1_220' title='bbox 0 0 1234 4560; x_wconf 95' lang='lat' dir='ltr'> </span> 
     </span>
    </p>
   </div>
  </div>
 </body>
</html>
