2460 4560
49 364 106 426 ce
125 345 128 355 '
146 331 390 451 sepultum,
429 333 657 450 ablegasse
686 340 920 440 novimus3
956 336 1084 425 mirass

52 493 243 585 anusque
273 467 398 555 breui
425 469 636 581 temporis
666 461 802 581 spatio
830 482 1082 555 renovatam

55 594 195 687 suisse
224 592 382 692 satiem
405 608 557 702 terrae3
586 591 754 709 illapsis
779 591 969 683 coelestis
989 595 1082 714 doc·

52 727 186 811 tfinae
218 724 381 823 radiis,
416 728 593 838 tyranni
630 728 832 838 quamvis
865 716 1083 838 obstrepe·

56 865 159 940 rent
183 881 230 943 ac
248 850 473 953 saevirent,
501 849 756 969 philosophi
781 853 1083 968 disceptarent,

19 981 280 1082 riderent,
300 996 613 1096 argumentur.
670 983 869 1097 Nempe,
895 983 1084 1100 quaestul-
1182 1061 1185 1069 .

15 1188 20 1193 ,
57 1136 104 1202 ta
129 1110 236 1225 sunt
268 1122 429 1212 mundi,
465 1120 589 1228 elegit
618 1115 753 1212 Deus,
791 1138 839 1199 ιιι
865 1111 1085 1228 confundat

51 1240 277 1370 sapientes,
307 1269 347 1328 et
370 1243 533 1358 infirma
561 1250 697 1330 mundi
723 1244 1007 1353 elegit‘Deus,
1036 1267 1085 1330 ut

58 1379 278 1461 contradat
294 1369 462 1484 fortia,
493 1397 534 1458 et
559 1377 754 1484 ignobilia
781 1389 823 1455 ιι
847 1379 1086 1457 contemtibi-

61 1507 119 1595 liu
147 1506 271 1611 elegit
297 1503 433 1600 Deus,
459 1525 500 1588 ea
525 1533 591 1600 ea,
620 1533 701 1619 quae
732 1498 948 1613 nonsrmt,
976 1527 1024 1585 ut
1037 1535 1085 1587 :eo

59 1622 142 1739 puaes
156 1626 280 1742 seint,
310 1637 547 1728 destrueret,
573 1655 622 1717 ut
641 1662 718 1714 ιιοιι
736 1634 940 1740 glorietur
961 1639 1084 1716 omnis

59 1789 151 1852 turo
177 1765 222 1848 ιἰι
250 1779 453 1868 conspectu
470 1765 576 1854 eius.
630 1754 664 1848 I.
691 1754 788 1844 Cor.
812 1753 848 1844 Ι,
875 1771 941 1878 211.
967 1817 974 1841 2

71 2078 73 2082 ι
148 2013 313 2109 Eadem
338 2017 474 2127 igitur
500 2041 620 2103 arma
641 2017 803 2136 iterum
825 2013 1086 2130 capessenda

64 2139 190 2244 sunt,
225 2143 384 2262 quibus
421 2140 619 2257 Apostoli
648 2145 801 2232 orbem
827 2148 1085 2234 universum

62 2267 140 2362 sub
171 2268 298 2361 suave
327 2272 435 2362 ,lesu
465 2270 630 2362 Christi
663 2276 817 2385 iugum
846 2276 1086 2374 miserunt,

63 2415 114 2494 'ac
155 2397 258 2517 scite
300 2399 529 2490 tractanda.
593 2400 690 2491 Hoc
727 2401 904 2517 quidem
945 2430 1085 2516 opus,

65 2529 142 2626 hie
170 2526 292 2623 labor
321 2544 397 2619 est.
461 2529 628 2621 Verum
654 2558 744 2618 non
773 2529 930 2618 desunt
955 2527 1087 2620 subsi-

65 2658 163 2758 dia,
183 2657 335 2752 multis
354 2656 570 2749 sumtibus
595 2688 620 2747 a
645 2655 964 2749 MARTINO
992 2687 1087 2749 nos·

64 2802 135 2884 tro
164 2786 358 2904 undique
387 2789 657 2904 comparata,
693 2788 850 2902 quibus
884 2791 932 2878 in
958 2784 1088 2877 secte·

63 2921 180 3010 tiora
214 2917 373 3018 Divini
412 2916 548 3008 Verbi
593 2916 727 3030 adyta
754 2931 979 3030 penetrare
1017 2947 1089 3031 po·

64 3049 236 3148 teritis,
272 3045 490 3143 assiduam
521 3047 879 3142 exercitationem
907 3049 996 3138 nisi
1021 3048 1089 3138 ab·

41 3173 294 3271 horreatis.
877 3216 879 3221 >

179 3403 182 3408 .
530 3372 531 3377 ’
733 3363 738 3403 Ι

149 3432 307 3549 Neque
340 3460 421 3523 vos
453 3431 667 3521 deterreat
693 3428 907 3544 sacrarum
924 3427 1089 3558 littera·
1207 3504 1210 3508 »

67 3591 168 3659 rum
202 3559 402 3652 sublimis
430 3559 602 3682 dicendi
629 3564 739 3649 ratio
768 3572 895 3676 atque
924 3562 1091 3654 Divina

20 3790 24 3795 ,
66 3718 247 3805 prorsus
276 3696 324 3780 in
352 3689 579 3782 sententiis
607 3692 835 3791 maiestas,
864 3688 937 3782 uel
957 3694 1009 3780 ab
1031 3698 1092 3808 ip·

69 3823 132 3911 sis
169 3818 415 3922 christianae
451 3817 680 3934 religionis
709 3823 861 3915 iuratis
890 3819 1092 3912 hostibus

64 3946 285 4049 celebrata
318 3941 438 4060 (vid.
466 3950 505 4044 J.
533 3951 572 4047 l.
601 3950 826 4043 Rousseau
854 3953 904 4036 in
930 3947 1091 4061 Emis.)
