2460 4560
456 373 688 387 *1-

1011 363 1080 432 125

49 494 267 570 accedentes
297 487 462 585 discipuli
490 489 658 562 dixerunt
691 489 746 562 ei:
774 489 895 583 Quare
923 492 959 562 in'
987 519 1085 589 para·

53 614 147 687 bolis
175 608 336 704 loqueris
360 608 442 679 eis?
477 606 552 699 Qui
572 608 794 711 requndens
816 608 863 679 ait
886 608 972 679 illis:
1001 610 1084 704 quia

53 729 160 803 vobis
194 726 318 798 datum
347 745 400 797 est
429 751 534 796 nosse
561 726 728 823 mysteria
756 725 856 819 regni
884 729 1081 799 coelorum:

54 847 118 919 illis
141 864 264 918 autem
291 869 365 914 non
390 861 442 913 εει
467 842 599 914 datum.
652 842 726 935 Qui
756 845 848 914 enim
874 843 999 928 habet,
1027 842 1087 914 da·

56 964 150 1038 bitur
180 961 234 1049 ei,
262 979 298 1033 et
322 960 541 1032 abundabit:
566 960 626 1056 qui
651 954 769 1032 autem
795 959 1024 1046 nonhabet,
1051 979 1086 1032 et

54 1082 157 1178 quod
183 1079 319 1165 habet,
347 1078 522 1149 auferetur
550 1077 675 1149 abeo.
728 1077 816 1148 Ideo
843 1077 878 1148 in
905 1077 1085 1173 parabolis

56 1202 189 1294 loquor
214 1196 282 1268 eis:
311 1195 394 1291 quia
416 1193 580 1270 videntes
605 1221 680 1266 non
706 1193 853 1282 vident,
882 1215 916 1267 et
941 1195 1085 1268 audien·

56 1334 105 1388 tes
132 1340 213 1387 nou
237 1311 409 1399 audiunt,
436 1336 554 1405 neque
583 1309 794 1406 intelligunt.
846 1312 894 1384 Et
919 1313 1087 1410 adimple·

58 1448 112 1505 tur
135 1429 175 1502 iu
198 1430 248 1504 eis
273 1429 463 1527 prophetia
489 1425 585 1498 Isaiae
604 1427 778 1500 dicentis:
806 1426 946 1501 Auditu
968 1432 1117 1503 audie··

57 1548 116 1636 tis,
144 1567 181 1621 et
208 1573 283 1618 uon
309 1545 531 1641 intelligetis:
569 1565 604 1618 et
632 1546 794 1620 videntes
826 1546 1014 1633 videbitis,
1050 1568 1088 1620 et

57 1668 133 1737 noh
152 1663 331 1737 videbitis.
390 1663 627 1735 Incrassatum
655 1683 706 1734 est
737 1663 830 1734 enim
862 1689 925 1735 cor
955 1665 1085 1758 populi

57 1782 188 1868 huius,
225 1802 261 1853 ει
286 1779 432 1854 auribus
461 1779 615 1875 graviter
643 1778 854 1865 audierunt,
887 1799 928 1851 et
957 1783 1085 1851 oculos

56 1901 139 1973 suos
178 1900 402 1971 clauserunt:
445 1923 492 1969 ne
527 1895 673 1990 quando
701 1894 848 1967 videant
878 1893 1010 1982 oculis,
1051 1915 1088 1971 et

56 2016 202 2090 auribus
228 2016 396 2107 audiant,
436 2031 471 2086 ει
496 2012 604 2086 corde
630 2010 851 2106 intelligant,
880 2031 914 2083 et
939 2038 1088 2085 conver·

54 2153 196 2219 tantur,
224 2151 259 2204 et
282 2133 401 2203 sanem
429 2156 502 2203 eos.
554 2128 674 2202 Vestri
702 2150 817 2202 autem
845 2128 939 2202 beati
966 2130 1085 2220 oculi,

56 2245 141 2346 quia
157 2248 302 2336 vident,
326 2268 361 2320 et
382 2274 482 2320 aures
505 2267 652 2333 vestrae,
677 2244 759 2341 quia
781 2246 937 2319 audiunt.
964 2244 1086 2320 Amen

55 2368 192 2464 quippe
220 2366 304 2440 dico
329 2366 458 2454 vobis,
481 2365 568 2460 'quia
597 2362 699 2435 multi
728 2364 914 2459 prophetae
945 2362 984 2438 ει
1004 2363 1087 2439 iusti
1132 2444 1137 2449 ,

55 2485 250 2582 cupierunt
272 2482 413 2570 videre,
442 2507 520 2578 quae
546 2480 696 2568 videtis,
725 2499 760 2551 ει
786 2506 861 2552 non
889 2481 1086 2570 viderunt3

56 2622 90 2674 ει
120 2599 266 2687 audire,
303 2626 382 2696 quae
405 2591 550 2684 auditis,
586 2617 621 2671 ει
646 2623 721 2669 non
748 2597 944 2670 audierunt.
1006 2598 1088 2672 Vos

56 2744 144 2815 ergo
172 2717 292 2791 audite
322 2718 530 2815 parabolam
558 2713 772 2787 seminantis.
838 2713 988 2803 Omnis,
1024 2716 1088 2812 qui

57 2836 160 2909 audit
184 2835 335 2907 verbum
367 2834 492 2930 regni,
522 2852 557 2905 et
579 2859 654 2904 non
679 2831 864 2927 intelligit,
890 2833 990 2906 venit
1017 2860 1089 2908 ma·

56 2957 132 3039 lus,
161 2971 198 3024 et
222 2952 333 3048 rapit,
361 2953 462 3048 quod
487 2949 696 3023 seminatum
721 2969 772 3020 est
798 2949 835 3020 iu
860 2950 969 3025 corde
993 2950 1085 3024 eius:

55 3068 115 3143 hic
134 3086 207 3157 est,
233 3069 295 3167 qui
318 3071 417 3142 secus
438 3070 533 3142 viam
551 3067 741 3141 seminatus
766 3085 828 3138 est.
868 3066 943 3158 Qui
967 3085 1086 3141 autem

56 3189 163 3284 super
187 3205 332 3283 petrosa
358 3186 546 3259 seminatus
570 3207 644 3273 est,
671 3184 729 3256 hic
756 3202 826 3270 est,
849 3183 910 3278 qui
935 3183 1088 3259 verbum

56 3304 176 3390 audit,
203 3322 240 3375 et
260 3303 434 3376 continuo
459 3328 539 3375 cum
562 3301 696 3398 gaudio
723 3300 855 3392 accipit*
876 3300 982 3386 illud3
1010 3327 1087 3374 non
1146 3394 1150 3405 1

56 3421 169 3493 habet
192 3437 316 3519 auteml
337 3421 374 3491 in
406 3446 443 3491 se
471 3419 649 3507 radicem,
685 3417 747 3488 sed
781 3437 834 3489 εει
858 3417 1059 3512 temporalis
1074 3445 1096 3505 t,

55 3539 149 3611 facta
176 3557 295 3612 autem
316 3535 568 3622 tribulatione,
606 3555 642 3607 et
666 3533 916 3630 persecutione
937 3556 1087 3636 propter

56 3656 231 3742 verbum,
259 3654 433 3728 continuo
460 3653 723 3727 scandalizatur.
786 3650 861 3743 Qui
891 3672 1006 3726 autern
1037 3658 1088 3728 se·

56 3773 213 3844 minatus
242 3771 351 3844 estin
373 3772 502 3870 spinis,
529 3773 590 3845 hic
617 3790 686 3856 est,
714 3767 775 3864 qui
794 3770 944 3842 verbum
969 3773 1085 3860 audit,

56 3909 93 3962 et
123 3889 326 3962 sollicitudo
352 3891 468 3963 saeculi
501 3890 621 3976 istius,
660 3906 695 3961 et
722 3883 859 3960 fallacia
886 3889 1086 3962 divitiarum

56 4009 209 4084 suffocat
238 4008 418 4100 verbum,
458 4027 494 4086 ει
530 4009 604 4084 sure
632 4007 752 4087 {ructu
783 4006 943 4086 efficitur.
978 4003 1170 4290 ,ΩΤ
