2460 4560
88 595 92 617 Ι
164 521 410 610 incomparabilis
434 556 437 559 -
450 519 612 619 sapientie
652 521 824 602 participes
876 507 1068 596 reddant,
1108 511 1213 583 hor-.

166 649 284 716 tatus,
332 626 522 723 „quipp'e‚
567 627 635 712 hit,
691 650 770 698 cum
806 653 871 724 per
917 628 1079 700 Verbum
1133 629 1185 701 vis

164 746 325 840 quaedam
358 744 394 813 in
425 744 575 815 animam
607 746 778 839 pervadat
809 746 862 840 (o
894 746 1056 840 gravium
1085 747 1184 818 affec·

165 882 264 934 trium
284 860 498 955 fugatorium
519 860 810 935 instrumentum!
838 889 863 934 o
883 861 973 957 ignis
994 862 1120 933 animae
1136 862 1185 932 in-

162 980 217 1050 siti
244 977 493 1049 extinctorium
521 976 808 1071 magisteriuml)
841 1004 920 1074 quae
948 986 1014 1048 n'os
1042 1004 1119 1050 non
1143 980 1200 1050 ef·⁴

162 1096 256 1166 ficiat
277 1099 417 1189 poetas,
444 1120 518 1165 non
539 1095 777 1188 philosophos
800 1097 939 1183 reddit,
969 1121 1089 1190 neque
1111 1122 1185 1168 ora-

162 1232 256 1284 tores
280 1213 513 1297 excellentes‚
541 1211 602 1281 led
629 1210 762 1282 docens
777 1270 786 1298 ‚
801 1229 857 1286 'ex
877 1212 990 1285 <morti
1017 1212 1185 1284 obnoxiis

84 1392 86 1396 ,
154 1328 400 1414 immortales,
430 1349 464 1398 et
492 1327 578 1398 deos
602 1353 647 1397 ex
666 1330 872 1402 mortalibus
894 1330 998 1401 facit:
1027 1330 1185 1400 accedite

162 1443 298 1530 Graeci,
327 1443 524 1528 docemini,
554 1462 666 1514 estote
689 1466 728 1516 ut
749 1471 837 1539 eg0,
866 1446 1036 1542 quoniam
1060 1464 1095 1515 et
1116 1471 1183 1540 ego

163 1587 255 1634 eram
280 1579 320 1634 ut
340 1585 416 1635 vos.
469 1560 556 1631 Hac
577 1587 632 1630 me
656 1583 845 1656 ceperunt,
874 1583 909 1634 et
933 1550 1110 1634 doetrinae
1129 1562 1182 1634 vis

164 1682 310 1766 enthea,
335 1698 369 1750 et
385 1677 485 1752 verbi
502 1676 669 1750 efficacia.
680 1681 701 1714 “
741 1680 817 1749 Est
833 1680 909 1750 hacc
930 1679 1051 1750 divina
1068 1682 1185 1752 Evan-

50 1840 53 1846 ·
87 1884 89 1887 ι
127 1823 133 1834 ·
162 1797 243 1892 gelli
270 1795 402 1867 Christi
426 1794 624 1867 oeconomia
650 1796 881 1889 perverbum
906 1797 1066 1868 divinum
1088 1818 1187 1868 caro·

161 1915 310 1986 factum:
343 1964 364 1997 „
376 1912 433 1982 Ex
450 1912 534 2008 ¹ipso
552 1931 667 1984 autem
687 1931 752 1984 sios
772 1912 851 1984 estis
873 1912 909 1982 in
928 1913 1072 1984 Christo
1091 1914 1187 1999 Jesuf

163 2030 223 2124 qui
247 2032 358 2100 factus
379 2048 430 2098 est
453 2029 558 2098 nobis
581 2028 748 2122 sapientia
768 2046 787 2098 a
810 2027 914 2115 De0,
943 2049 978 2100 et
1000 2030 1127 2101 iustitia
1150 2049 1186 2100 et

159 2143 387 2217 sanctificatio
408 2163 442 2215 et
455 2144 652 2240 redemptio
666 2140 725 2235 a),
741 2146 762 2180 “
789 2168 892 2238 quam
912 2167 933 2216 a
952 2145 1098 2217 Christo
1115 2169 1184 2242 pro

160 2262 264 2334 nobis
296 2260 465 2332 crucifixo
489 2261 605 2359 fumus
630 2260 809 2331 consecuti
837 2260 1032 2333 admirabili
1056 2262 1185 2359 simpli-

163 2380 264 2452 citate
284 2378 474 2468 sermonis,
502 2379 628 2473 procul
652 2377 748 2447 omni
777 2377 986 2472 eloquentiae
1009 2361 1185 2475 apparatu
1209 2423 1215 2445 ,

81 2591 83 2594 ⁴
162 2497 207 2568 ab
229 2494 449 2590 evangelistis
472 2495 705 2580 manifestata,
729 2513 764 2565 et
781 2495 826 2569 ab
848 2495 1034 2589 Apostolis
1052 2497 1088 2566 in
1111 2495 1185 2567 uni·

71 2602 72 2605 Ἴ
151 2630 266 2711 'verso
291 2612 427 2683 mundo
454 2611 663 2684 denunciata
677 2643 690 2696 ,·
708 2638 787 2711 *non
805 2611 845 2681 in
869 2611 1038 2706 sapientia
1063 2612 1186 2684 huma·

160 2755 207 2799 na
237 2743 295 2799 aut
324 2727 477 2813 virtute,
514 2728 719 2822 viri-busque
749 2728 935 2815 humanis,
976 2713 1122 2800 Christo
1150 2747 1188 2800 et

161 2845 235 2916 eius
258 2844 444 2940 Apostolis
469 2845 504 2916 in
528 2843 756 2917 hosmundo
783 2844 925 2914 abiectis
958 2865 993 2915 et
1018 2844 1182 2930 infirmis,

160 2964 197 3034 vi
225 2961 323 3033 omni
351 2980 390 3033 ac
411 2960 758 3046 robore‘destitutis‚
785 2961 829 3030 ab
852 2961 1018 3031 omnibus
1041 2962 1184 3057 despec-

79 3114 81 3120 ’
161 3080 203 3151 tis
223 3099 256 3150 ct
274 3103 386 3172 usque
405 3079 449 3148 ad
466 3097 615 3149 mortem
634 3079 898 3172 persecutiones
918 3078 1182 3166 sustinentibus,

70 3183 72 3188 ¹
163 3195 248 3266 dum
264 3191 443 3265 Christum
459 3193 664 3264 crucifixum
679 3195 889 3289 pradicant:
917 3194 1038 3280 „Non
1066 3195 1185 3281 enim,

159 3332 200 3383 ut
211 3311 254 3382 de
270 3337 305 3382 se
323 3311 548 3405 prosequitur
566 3308 763 3405 Apostolus
781 3310 836 3400 h),
860 3306 1014 3383 iudicavi
1027 3336 1083 3383 me
1098 3307 1183 3382 lcire

162 3426 410 3521 aliquidisiter
432 3443 516 3513 vos,
545 3424 611 3497 nisi
640 3427 757 3510 lesum
785 3429 986 3515 Christum,
1028 3446 1063 3498 et
1088 3428 1185 3500 hunc

162 3537 407 3616 crucifixums
441 3545 490 3615 Et
512 3569 579 3639 ego
600 3543 636 3613 in
660 3526 882 3629 infirmitate,
912 3564 946 3614 et
972 3545 1123 3631 timore,
1151 3563 1186 3616 et

162 3662 314 3731 tremore
338 3665 450 3732 multo
473 3661 523 3733 fui
552 3661 648 3756 apud
676 3678 765 3733 vos:
803 3680 838 3730 et
857 3662 972 3731 sermo
996 3687 1122 3747 meus,
1149 3680 1184 3732 et

163 3775 367 3874 pradicatio
404 3802 483 3848 mea
522 3803 596 3849 non
629 3776 667 3846 in
703 3776 988 3872 persuasibilibus
1020 3778 1206 3848 humanae·

165 3893 340 3990 sapienties
364 3893 499 3978 verbis,
522 3894 582 3965 led
606 3892 642 3964 in
663 3892 872 3970 ostensione¹
883 3887 1040 3990 spiritus,
1066 3915 1101 3969 et
1120 3895 1186 4002 vir·

163 4026 167 4033 r

208 4043 239 4118 a)
255 4045 280 4102 1.
308 4040 362 4104 Cot.
389 4043 413 4105 Ι.
439 4057 480 4112 so.
582 4043 611 4117 h)
635 4043 672 4100 Il.
698 4044 738 4102 ΙΙ.
762 4059 786 4101 a.
810 4052 855 4101 rte.
