2460 4560
107 341 179 424 184
498 319 731 381 m

103 483 328 581 fundensque
345 510 448 574 preces
471 476 510 570 α)
525 537 534 567 ,
550 470 851 576 fipplicarionesque
877 495 926 559 ud
948 498 1044 575 eum,
1075 501 1117 581 qui

99 613 201 693 possit
222 611 308 671 illum
321 598 453 688 sulcum
464 608 574 686 facere
593 627 614 668 a
633 621 745 684 morte,
773 629 841 670 cum
865 613 1005 676 clamore
1024 617 1116 676 valido

103 717 310 814 exspirans,
339 739 370 788 et
394 726 535 804 lacrymis
554 721 682 800 offerens
704 743 740 787 se
759 717 854 789 Patri
876 720 943 792 [uo
962 720 1002 792 in
1024 749 1116 795 cruce

104 836 299 918 victimam,
327 814 494 903 exauditus
514 853 559 903 cst
575 861 636 920 pro
650 840 716 919 suu
741 849 935 924 reverentia,
966 865 1013 913 ne
1032 840 1116 912 vide.

104 973 159 1025 ret
185 948 468 1045 corruptionem,
494 949 784 1021 resurrectionem
810 953 908 1023 suam
935 957 1113 1028 amortuis

104 1068 265 1143 fratribus
288 1066 376 1153 fuis,
403 1065 756 1161 incomparabilibus,
784 1092 863 1162 quac
890 1073 1009 1144 modo
1034 1100 1115 1146 com.

104 1184 319 1268 memoravi,
353 1182 468 1254 verbis
500 1181 692 1269 nuntiavit,
727 1208 817 1277 quos
843 1185 882 1256 in
918 1189 1112 1277 universum

103 1301 277 1372 mundum
300 1297 418 1385 misit,
456 1316 496 1370 ut
523 1298 559 1368 in
585 1300 704 1371 medio
736 1300 905 1373 Ecclesiae
939 1296 1112 1378 laudarent

103 1415 242 1489 Patrem
268 1418 385 1501 fuum,
414 1436 448 1487 et
472 1415 610 1486 Patrem
637 1436 818 1504 nostrum,
846 1417 973 1492 Deum
1001 1425 1110 1508 suum,

103 1554 140 1607 et
156 1533 277 1607 Deum
297 1553 453 1604 nostrum
473 1545 505 1603 in
521 1543 651 1603 Ecclesia
663 1563 776 1618 magna
797 1536 992 1626 catholica,
1020 1564 1112 1634 quam

104 1676 216 1738 vero,
239 1648 405 1746 deinceps
427 1650 462 1719 in
486 1651 555 1720 hoc
578 1669 612 1720 et
632 1650 703 1720 aliis
729 1651 893 1745 psalmis,
921 1655 972 1725 uti
993 1654 1111 1727 caeteris

103 1767 286 1866 prophetis
314 1765 478 1838 omnibus
508 1766 807 1852 concelebratum,
836 1771 993 1844 necdum
1012 1769 1110 1844 Judaei

104 1867 267 1958 uelamen
294 1886 396 1980 super
416 1884 538 1955 faciem
575 1883 743 1954 babentes
778 1882 926 1956 vident:
966 1889 1018 1958 uti
1055 1913 1113 1959 neo

18 2091 21 2102 Ι
105 2002 350 2085 crediderunt,
378 2002 523 2094 quando
548 1999 665 2071 omnia
692 1998 728 2069 in
755 1999 900 2073 Christo
928 2005 1141 2100 aprophe··

103 2116 146 2188 tis
168 2135 202 2187 et
226 2142 245 2186 a
270 2115 412 2186 Christo
434 2115 511 2211 ipso
539 2116 612 2187 eius
642 2101 779 2213 passio,
806 2143 922 2204 mors,
956 2140 992 2192 et
1014 2146 1111 2193 resur·

102 2231 212 2305 rectio
237 2230 426 2327 praesertim
455 2232 645 2326 praedicta,
682 2236 859 2329 completa
887 2237 1033 2310 suerunt
1056 2262 1109 2308 nec
1136 2302 1140 2309 ,

103 2349 170 2445 ipsi
200 2347 311 2420 statim
345 2347 533 2444 discipuli,
561 2356 654 2435 stulti
680 2372 711 2422 ct
740 2362 848 2438 tardi,
884 2378 978 2446 quos
1012 2354 1109 2426 modo

103 2466 324 2552 notavimus,
348 2475 393 2535 ud
413 2477 589 2537 credendum
616 2480 648 2536 in
670 2477 823 2554 omnibus,
850 2496 915 2560 qua
937 2480 1033 2542 locuti
1042 2480 1108 2558 stul

95 2594 261 2677 propheta.
325 2580 380 2652 Sic
414 2582 516 2655 etiam
543 2583 580 2653 in
614 2583 734 2655 ultima
764 2604 845 2658 ante
876 2587 1108 2660 ascensionem

100 2689 196 2774 fuam
220 2700 257 2770 in
284 2701 409 2771 coelum
439 2699 677 2795 apparitione,
705 2701 857 2773 Marcus
880 2686 1109 2786 memorati),

103 2818 284 2889 Christum
308 2815 507 2912 increpasse
525 2817 803 2905 incredulitatem
825 2844 951 2890 eorum
973 2805 1012 2891 et
1031 2818 1108 2892 duri·

100 2935 184 3007 tiam
209 2932 324 3004 cordis
340 2947 452 3025 z'quia
472 2947 531 3019 iis,
559 2946 612 3025 qui
637 2944 782 3004 viderant
807 2962 875 3005 eum
899 2950 1106 3020 resurrexisse,

100 3080 159 3122 non
190 3060 406 3142 crediderunt,
452 3051 561 3121 veluti
596 3051 747 3122 loannes
779 3047 813 3139 c)
854 3051 913 3125 hic
948 3053 1107 3150 imprimis

99 3168 280 3239 Thomam
315 3183 414 3236 notat
441 3169 620 3247 nolentem
650 3148 816 3254 credere,
855 3180 914 3239 nisi
945 3182 1061 3242 viderit
1084 3181 1108 3238 ir

98 3293 239 3358 monibus
259 3293 324 3351 eius
336 3289 477 3366 fixurum
502 3294 659 3354 clavorum
680 3305 735 3355 etc.
787 3283 820 3354 S.
848 3283 964 3357 Lucas
989 3312 1111 3360 memo·

97 3420 151 3474 rat
177 3396 233 3488 cl),
262 3398 346 3471 dum
375 3399 477 3471 staret
504 3400 664 3472 Christus
693 3400 729 3470 in
755 3400 875 3472 medio
907 3427 1052 3491 eorum,
1083 3420 1111 3473 et

99 3516 252 3588 diceret:
282 3526 353 3588 Pax
376 3527 485 3587 vobis:
513 3546 566 3601 ego
581 3526 680 3605 sum,
706 3529 951 3607 nolite'rimerc,
980 3541 1111 3594 contur-

97 3614 200 3702 batos
233 3656 294 3702 eos
327 3628 361 3704 et
386 3633 593 3704 conterritos
623 3633 861 3723 existimasse,
896 3661 933 3706 se
961 3639 1112 3735 spiritum

97 3745 243 3823 vilere:
286 3746 466 3836 Christum
498 3775 586 3834 uero
619 3750 812 3823 ostendisse
842 3750 891 3824 eis
924 3779 1055 3829 manus
1085 3773 1113 3826 et

50 3961 65 3986 .
136 3931 166 4008 ι)
190 3928 265 3986 ran.
293 3892 328 3986 rt
350 3945 373 3994 r.
461 3935 490 4005 r>
513 3935 600 3992 merc.
619 3934 698 3996 arr.
720 3951 763 4006 14.
855 3935 884 4012 c)
907 3937 953 4004 Jo.
974 3940 1057 3998 aar.
1074 3953 1113 4006 ις.

182 4016 212 4090 tl)
233 4013 295 4073 luc.
320 4012 428 4075 XXIV.
451 4028 495 4094 31.
