<?xml version="1.0" encoding="UTF-8"?>
<!DOCTYPE html PUBLIC "-//W3C//DTD XHTML 1.0 Transitional//EN"
    "http://www.w3.org/TR/xhtml1/DTD/xhtml1-transitional.dtd">
<html xmlns="http://www.w3.org/1999/xhtml" xml:lang="en" lang="en">
 <head>
  <title>
</title>
<meta http-equiv="Content-Type" content="text/html;charset=utf-8" />
  <meta name='ocr-system' content='tesseract 3.04.00' />
  <meta name='ocr-capabilities' content='ocr_page ocr_carea ocr_par ocr_line ocrx_word'/>
</head>
<body>
  <div class='ocr_page' id='page_1' title='image "./desublimiinevan01gerbgoog_0088.png"; bbox 0 0 2460 4560; ppageno 0'>
   <div class='ocr_carea' id='block_1_1' title="bbox 495 328 1118 416">
    <p class='ocr_par' dir='ltr' id='par_1_1' title="bbox 495 328 1118 416">
     <span class='ocr_line' id='line_1_1' title="bbox 495 328 1118 416; baseline -0.005 1"><span class='ocrx_word' id='word_1_1' title='bbox 495 328 728 390; x_wconf 69' lang='lat'><strong><em>=</em></strong></span> <span class='ocrx_word' id='word_1_2' title='bbox 1073 345 1118 416; x_wconf 85' lang='lat'>61</span> 
     </span>
    </p>
   </div>
   <div class='ocr_carea' id='block_1_2' title="bbox 90 486 1219 3840">
    <p class='ocr_par' dir='ltr' id='par_1_2' title="bbox 96 486 1219 1975">
     <span class='ocr_line' id='line_1_2' title="bbox 100 486 1126 585; baseline 0 -23"><span class='ocrx_word' id='word_1_3' title='bbox 100 500 186 574; x_wconf 57' lang='lat' dir='ltr'>tium</span> <span class='ocrx_word' id='word_1_4' title='bbox 224 507 258 559; x_wconf 84' lang='lat' dir='ltr'>et</span> <span class='ocrx_word' id='word_1_5' title='bbox 283 495 373 578; x_wconf 26' lang='lat' dir='ltr'>&#39;quod</span> <span class='ocrx_word' id='word_1_6' title='bbox 401 489 507 557; x_wconf 74' lang='lat' dir='ltr'>nom&#39;en</span> <span class='ocrx_word' id='word_1_7' title='bbox 536 495 610 554; x_wconf 67' lang='lat' dir='ltr'>tritt</span> <span class='ocrx_word' id='word_1_8' title='bbox 636 499 701 556; x_wconf 78' lang='lat' dir='ltr'>eiu-s</span> <span class='ocrx_word' id='word_1_9' title='bbox 730 497 759 556; x_wconf 83' lang='lat' dir='ltr'>ri</span> <span class='ocrx_word' id='word_1_10' title='bbox 786 489 890 558; x_wconf 77' lang='lat' dir='ltr'>nosti?</span> <span class='ocrx_word' id='word_1_11' title='bbox 926 486 993 561; x_wconf 83' lang='lat' dir='ltr'>Per</span> <span class='ocrx_word' id='word_1_12' title='bbox 1018 501 1126 585; x_wconf 89' lang='lat' dir='ltr'>quem</span> 
     </span>
     <span class='ocr_line' id='line_1_3' title="bbox 103 584 1125 701; baseline 0.001 -24"><span class='ocrx_word' id='word_1_13' title='bbox 103 629 228 701; x_wconf 85' lang='lat' dir='ltr'>nempe</span> <span class='ocrx_word' id='word_1_14' title='bbox 259 602 379 676; x_wconf 84' lang='lat' dir='ltr'>omnia</span> <span class='ocrx_word' id='word_1_15' title='bbox 409 602 629 687; x_wconf 77' lang='lat' dir='ltr'>factasunt,</span> <span class='ocrx_word' id='word_1_16' title='bbox 665 603 788 697; x_wconf 92' lang='lat' dir='ltr'>quod,</span> <span class='ocrx_word' id='word_1_17' title='bbox 826 624 868 675; x_wconf 88' lang='lat' dir='ltr'>ut</span> <span class='ocrx_word' id='word_1_18' title='bbox 890 584 1125 700; x_wconf 66' lang='lat' dir='ltr'>Evangelium</span> 
     </span>
     <span class='ocr_line' id='line_1_4' title="bbox 98 717 1219 812; baseline 0.001 -18"><span class='ocrx_word' id='word_1_19' title='bbox 98 725 197 794; x_wconf 86' lang='lat' dir='ltr'>suum</span> <span class='ocrx_word' id='word_1_20' title='bbox 220 721 255 791; x_wconf 92' lang='lat' dir='ltr'>S.</span> <span class='ocrx_word' id='word_1_21' title='bbox 279 720 434 791; x_wconf 72' lang='lat' dir='ltr'>ioannes</span> <span class='ocrx_word' id='word_1_22' title='bbox 467 717 687 812; x_wconf 73' lang='lat' dir='ltr'>auspicatur:</span> <span class='ocrx_word' id='word_1_23' title='bbox 725 731 762 789; x_wconf 85' lang='lat' dir='ltr'>In</span> <span class='ocrx_word' id='word_1_24' title='bbox 777 733 934 810; x_wconf 79' lang='lat' dir='ltr'>principio</span> <span class='ocrx_word' id='word_1_25' title='bbox 957 745 1025 794; x_wconf 77' lang='lat' dir='ltr'>erat</span> <span class='ocrx_word' id='word_1_26' title='bbox 1056 735 1125 795; x_wconf 84' lang='lat' dir='ltr'>Ver·</span> <span class='ocrx_word' id='word_1_27' title='bbox 1184 743 1219 795; x_wconf 82' lang='grc'>’.</span> 
     </span>
     <span class='ocr_line' id='line_1_5' title="bbox 98 843 1127 926; baseline 0.001 -17"><span class='ocrx_word' id='word_1_28' title='bbox 98 850 185 923; x_wconf 81' lang='lat' dir='ltr'>bum,</span> <span class='ocrx_word' id='word_1_29' title='bbox 206 860 238 908; x_wconf 82' lang='lat' dir='ltr'>et</span> <span class='ocrx_word' id='word_1_30' title='bbox 262 847 388 907; x_wconf 76' lang='lat' dir='ltr'>Verbum</span> <span class='ocrx_word' id='word_1_31' title='bbox 409 858 477 907; x_wconf 81' lang='lat' dir='ltr'>erat</span> <span class='ocrx_word' id='word_1_32' title='bbox 495 844 582 924; x_wconf 81' lang='lat' dir='ltr'>apud</span> <span class='ocrx_word' id='word_1_33' title='bbox 602 843 718 924; x_wconf 58' lang='lat' dir='ltr'>Deam</span> <span class='ocrx_word' id='word_1_34' title='bbox 738 858 769 906; x_wconf 83' lang='lat' dir='ltr'>et</span> <span class='ocrx_word' id='word_1_35' title='bbox 786 845 868 908; x_wconf 81' lang='lat' dir='ltr'>Deus</span> <span class='ocrx_word' id='word_1_36' title='bbox 886 858 955 908; x_wconf 81' lang='lat' dir='ltr'>erat</span> <span class='ocrx_word' id='word_1_37' title='bbox 980 848 1127 926; x_wconf 79' lang='lat' dir='ltr'><em>Verbum,</em></span> 
     </span>
     <span class='ocr_line' id='line_1_6' title="bbox 96 950 1127 1048; baseline 0.003 -24"><span class='ocrx_word' id='word_1_38' title='bbox 96 954 197 1026; x_wconf 86' lang='lat' dir='ltr'>iuxta</span> <span class='ocrx_word' id='word_1_39' title='bbox 224 978 266 1024; x_wconf 84' lang='lat' dir='ltr'>ac</span> <span class='ocrx_word' id='word_1_40' title='bbox 294 952 426 1048; x_wconf 89' lang='lat' dir='ltr'>primus</span> <span class='ocrx_word' id='word_1_41' title='bbox 456 951 486 1022; x_wconf 89' lang='lat' dir='ltr'>S.</span> <span class='ocrx_word' id='word_1_42' title='bbox 519 950 674 1021; x_wconf 83' lang='lat' dir='ltr'>Joannes</span> <span class='ocrx_word' id='word_1_43' title='bbox 700 950 859 1047; x_wconf 82' lang='lat' dir='ltr'>Baptista</span> <span class='ocrx_word' id='word_1_44' title='bbox 884 953 1127 1029; x_wconf 89' lang='lat' dir='ltr'>testimonium</span> 
     </span>
     <span class='ocr_line' id='line_1_7' title="bbox 96 1066 1126 1171; baseline 0 -28"><span class='ocrx_word' id='word_1_45' title='bbox 96 1069 257 1143; x_wconf 86' lang='lat' dir='ltr'>reddidit</span> <span class='ocrx_word' id='word_1_46' title='bbox 275 1068 419 1140; x_wconf 86' lang='lat' dir='ltr'>Christo</span> <span class='ocrx_word' id='word_1_47' title='bbox 430 1125 447 1171; x_wconf 17' lang='grc' dir='ltr'>,ἱ</span> <span class='ocrx_word' id='word_1_48' title='bbox 467 1066 590 1138; x_wconf 88' lang='lat' dir='ltr'>Deum</span> <span class='ocrx_word' id='word_1_49' title='bbox 611 1066 788 1139; x_wconf 89' lang='lat' dir='ltr'>neminem</span> <span class='ocrx_word' id='word_1_50' title='bbox 807 1068 935 1141; x_wconf 86' lang='lat' dir='ltr'>vidisse</span> <span class='ocrx_word' id='word_1_51' title='bbox 954 1096 1126 1166; x_wconf 85' lang='lat' dir='ltr'>unquam,</span> 
     </span>
     <span class='ocr_line' id='line_1_8' title="bbox 96 1172 1126 1284; baseline 0.001 -23"><span class='ocrx_word' id='word_1_52' title='bbox 96 1172 1126 1284; x_wconf 50' lang='lat' dir='ltr'>umffimmmffihm‚mmmmffiumm0,spwm</span> 
     </span>
     <span class='ocr_line' id='line_1_9' title="bbox 99 1301 1124 1400; baseline 0.002 -25"><span class='ocrx_word' id='word_1_53' title='bbox 99 1328 326 1390; x_wconf 83' lang='lat' dir='ltr'>ennarrasse:</span> <span class='ocrx_word' id='word_1_54' title='bbox 362 1302 462 1396; x_wconf 91' lang='lat' dir='ltr'>quod</span> <span class='ocrx_word' id='word_1_55' title='bbox 487 1302 525 1371; x_wconf 87' lang='lat' dir='ltr'>iu</span> <span class='ocrx_word' id='word_1_56' title='bbox 552 1301 677 1373; x_wconf 89' lang='lat' dir='ltr'>ultimo</span> <span class='ocrx_word' id='word_1_57' title='bbox 704 1301 911 1374; x_wconf 87' lang='lat' dir='ltr'>testimonio</span> <span class='ocrx_word' id='word_1_58' title='bbox 935 1324 1124 1400; x_wconf 77' lang='lat' dir='ltr'>antequam</span> 
     </span>
     <span class='ocr_line' id='line_1_10' title="bbox 99 1417 1125 1513; baseline 0 -21"><span class='ocrx_word' id='word_1_59' title='bbox 99 1422 144 1492; x_wconf 84' lang='lat' dir='ltr'>ab</span> <span class='ocrx_word' id='word_1_60' title='bbox 175 1419 325 1491; x_wconf 88' lang='lat' dir='ltr'>Herode</span> <span class='ocrx_word' id='word_1_61' title='bbox 351 1417 505 1505; x_wconf 81' lang='lat' dir='ltr'>carceri,</span> <span class='ocrx_word' id='word_1_62' title='bbox 533 1417 684 1513; x_wconf 85' lang='lat' dir='ltr'>necique</span> <span class='ocrx_word' id='word_1_63' title='bbox 708 1417 868 1505; x_wconf 88' lang='lat' dir='ltr'>daretur,</span> <span class='ocrx_word' id='word_1_64' title='bbox 897 1420 1050 1492; x_wconf 77' lang='lat' dir='ltr'>loannes</span> <span class='ocrx_word' id='word_1_65' title='bbox 1075 1422 1125 1492; x_wconf 87' lang='lat' dir='ltr'>di·</span> 
     </span>
     <span class='ocr_line' id='line_1_11' title="bbox 100 1523 1127 1634; baseline 0.002 -26"><span class='ocrx_word' id='word_1_66' title='bbox 100 1537 219 1632; x_wconf 86' lang='lat' dir='ltr'>lucide</span> <span class='ocrx_word' id='word_1_67' title='bbox 240 1523 477 1623; x_wconf 85' lang='lat' dir='ltr'>confirmavit,</span> <span class='ocrx_word' id='word_1_68' title='bbox 498 1534 756 1631; x_wconf 86' lang='lat' dir='ltr'>explicavitque</span> <span class='ocrx_word' id='word_1_69' title='bbox 773 1530 903 1631; x_wconf 85' lang='lat' dir='ltr'>insigni</span> <span class='ocrx_word' id='word_1_70' title='bbox 920 1537 1127 1634; x_wconf 82' lang='lat' dir='ltr'>paraphrasi</span> 
     </span>
     <span class='ocr_line' id='line_1_12' title="bbox 98 1651 1204 1747; baseline 0.001 -21"><span class='ocrx_word' id='word_1_71' title='bbox 98 1655 292 1730; x_wconf 87' lang='lat' dir='ltr'>verborum</span> <span class='ocrx_word' id='word_1_72' title='bbox 320 1652 472 1739; x_wconf 85' lang='lat' dir='ltr'><strong>Christi,</strong></span> <span class='ocrx_word' id='word_1_73' title='bbox 500 1651 668 1723; x_wconf 87' lang='lat' dir='ltr'>divinitus</span> <span class='ocrx_word' id='word_1_74' title='bbox 698 1670 844 1747; x_wconf 82' lang='lat' dir='ltr'>accepta</span> <span class='ocrx_word' id='word_1_75' title='bbox 872 1655 1123 1729; x_wconf 81' lang='lat' dir='ltr'>revelatione:</span> <span class='ocrx_word' id='word_1_76' title='bbox 1173 1713 1204 1740; x_wconf 37' lang='grc' dir='ltr'>Ι.</span> 
     </span>
     <span class='ocr_line' id='line_1_13' title="bbox 99 1766 1125 1868; baseline -0.002 -24"><span class='ocrx_word' id='word_1_77' title='bbox 99 1798 181 1844; x_wconf 90' lang='lat' dir='ltr'>cum</span> <span class='ocrx_word' id='word_1_78' title='bbox 205 1792 386 1868; x_wconf 85' lang='lat' dir='ltr'>nunquam</span> <span class='ocrx_word' id='word_1_79' title='bbox 407 1790 533 1841; x_wconf 88' lang='lat' dir='ltr'>mutuo</span> <span class='ocrx_word' id='word_1_80' title='bbox 558 1766 757 1840; x_wconf 73' lang='lat' dir='ltr'>conversati</span> <span class='ocrx_word' id='word_1_81' title='bbox 770 1769 938 1861; x_wconf 84' lang='lat' dir='ltr'>&#39;legantur</span> <span class='ocrx_word' id='word_1_82' title='bbox 962 1768 1125 1842; x_wconf 85' lang='lat' dir='ltr'>Christus</span> 
     </span>
     <span class='ocr_line' id='line_1_14' title="bbox 100 1877 1126 1975; baseline 0.001 -17"><span class='ocrx_word' id='word_1_83' title='bbox 100 1908 133 1959; x_wconf 90' lang='lat' dir='ltr'>et</span> <span class='ocrx_word' id='word_1_84' title='bbox 154 1888 322 1958; x_wconf 74' lang='lat' dir='ltr'>ioannes.</span> <span class='ocrx_word' id='word_1_85' title='bbox 375 1886 430 1957; x_wconf 84' lang='lat' dir='ltr'>Sic</span> <span class='ocrx_word' id='word_1_86' title='bbox 451 1901 539 1957; x_wconf 86' lang='lat' dir='ltr'>&#39;vero</span> <span class='ocrx_word' id='word_1_87' title='bbox 557 1883 711 1954; x_wconf 87' lang='lat' dir='ltr'>Joannes</span> <span class='ocrx_word' id='word_1_88' title='bbox 730 1877 787 1970; x_wconf 78' lang='lat' dir='ltr'>b):</span> <span class='ocrx_word' id='word_1_89' title='bbox 806 1881 914 1975; x_wconf 85' lang='lat' dir='ltr'>„Qui</span> <span class='ocrx_word' id='word_1_90' title='bbox 940 1883 1126 1960; x_wconf 85' lang='lat' dir='ltr'>desursum</span> 
     </span>
    </p>

    <p class='ocr_par' dir='ltr' id='par_1_3' title="bbox 90 1997 1190 3840">
     <span class='ocr_line' id='line_1_15' title="bbox 99 1997 1124 2098; baseline 0.001 -23.025"><span class='ocrx_word' id='word_1_91' title='bbox 99 1999 217 2089; x_wconf 78' lang='lat' dir='ltr'>verrit,</span> <span class='ocrx_word' id='word_1_92' title='bbox 246 2005 347 2098; x_wconf 80' lang='lat' dir='ltr'>super</span> <span class='ocrx_word' id='word_1_93' title='bbox 374 2027 498 2074; x_wconf 87' lang='lat' dir='ltr'>omnes</span> <span class='ocrx_word' id='word_1_94' title='bbox 527 2018 587 2070; x_wconf 90' lang='lat' dir='ltr'>est.</span> <span class='ocrx_word' id='word_1_95' title='bbox 640 1997 716 2090; x_wconf 83' lang='lat' dir='ltr'>Qui</span> <span class='ocrx_word' id='word_1_96' title='bbox 743 2016 795 2069; x_wconf 91' lang='lat' dir='ltr'>est</span> <span class='ocrx_word' id='word_1_97' title='bbox 822 2000 868 2070; x_wconf 90' lang='lat' dir='ltr'>de</span> <span class='ocrx_word' id='word_1_98' title='bbox 895 2018 1005 2087; x_wconf 85' lang='lat' dir='ltr'>terra,</span> <span class='ocrx_word' id='word_1_99' title='bbox 1032 2021 1124 2076; x_wconf 79' lang='lat' dir='ltr'>terra</span> 
     </span>
     <span class='ocr_line' id='line_1_16' title="bbox 101 2114 1125 2212; baseline 0 -20"><span class='ocrx_word' id='word_1_100' title='bbox 101 2140 184 2208; x_wconf 46' lang='lat' dir='ltr'>ests</span> <span class='ocrx_word' id='word_1_101' title='bbox 202 2139 238 2191; x_wconf 89' lang='lat' dir='ltr'>et</span> <span class='ocrx_word' id='word_1_102' title='bbox 262 2120 307 2190; x_wconf 92' lang='lat' dir='ltr'>de</span> <span class='ocrx_word' id='word_1_103' title='bbox 328 2139 419 2190; x_wconf 87' lang='lat' dir='ltr'>terra·</span> <span class='ocrx_word' id='word_1_104' title='bbox 439 2116 611 2212; x_wconf 83' lang='lat' dir='ltr'>loquitur·</span> <span class='ocrx_word' id='word_1_105' title='bbox 649 2115 710 2208; x_wconf 93' lang='lat' dir='ltr'>qui</span> <span class='ocrx_word' id='word_1_106' title='bbox 737 2114 782 2185; x_wconf 93' lang='lat' dir='ltr'>de</span> <span class='ocrx_word' id='word_1_107' title='bbox 809 2118 899 2187; x_wconf 89' lang='lat' dir='ltr'>coelo</span> <span class='ocrx_word' id='word_1_108' title='bbox 927 2117 1044 2204; x_wconf 88' lang='lat' dir='ltr'>venit,</span> <span class='ocrx_word' id='word_1_109' title='bbox 1071 2121 1125 2193; x_wconf 82' lang='lat' dir='ltr'>su</span> 
     </span>
     <span class='ocr_line' id='line_1_17' title="bbox 100 2218 1125 2334; baseline 0.002 -27"><span class='ocrx_word' id='word_1_110' title='bbox 100 2263 164 2334; x_wconf 88' lang='lat' dir='ltr'>per</span> <span class='ocrx_word' id='word_1_111' title='bbox 193 2262 317 2308; x_wconf 87' lang='lat' dir='ltr'>omnes</span> <span class='ocrx_word' id='word_1_112' title='bbox 346 2257 407 2308; x_wconf 90' lang='lat' dir='ltr'>est</span> <span class='ocrx_word' id='word_1_113' title='bbox 452 2218 502 2307; x_wconf 67' lang='lat' dir='ltr'>E&#39;t</span> <span class='ocrx_word' id='word_1_114' title='bbox 526 2233 626 2332; x_wconf 81' lang='lat' dir='ltr'>quod</span> <span class='ocrx_word' id='word_1_115' title='bbox 653 2229 765 2322; x_wconf 83' lang='lat' dir='ltr'>vidit,</span> <span class='ocrx_word' id='word_1_116' title='bbox 802 2253 837 2304; x_wconf 89' lang='lat' dir='ltr'>et</span> <span class='ocrx_word' id='word_1_117' title='bbox 866 2233 1024 2322; x_wconf 87' lang='lat' dir='ltr'>audivit,</span> <span class='ocrx_word' id='word_1_118' title='bbox 1050 2236 1125 2309; x_wconf 86' lang='lat' dir='ltr'>hoc</span> 
     </span>
     <span class='ocr_line' id='line_1_18' title="bbox 100 2343 1127 2446; baseline 0.002 -22"><span class='ocrx_word' id='word_1_119' title='bbox 100 2343 271 2424; x_wconf 76' lang='lat' dir='ltr'>testatur.</span> <span class='ocrx_word' id='word_1_120' title='bbox 298 2372 333 2423; x_wconf 91' lang='lat' dir='ltr'>et</span> <span class='ocrx_word' id='word_1_121' title='bbox 357 2352 594 2423; x_wconf 86' lang='lat' dir='ltr'>testimonium</span> <span class='ocrx_word' id='word_1_122' title='bbox 623 2353 696 2424; x_wconf 89' lang='lat' dir='ltr'>eius</span> <span class='ocrx_word' id='word_1_123' title='bbox 723 2368 830 2422; x_wconf 80' lang='lat' dir='ltr'>nemo</span> <span class='ocrx_word' id='word_1_124' title='bbox 860 2350 995 2446; x_wconf 84' lang='lat' dir='ltr'>accipit.</span> <span class='ocrx_word' id='word_1_125' title='bbox 1049 2350 1127 2444; x_wconf 80' lang='lat' dir='ltr'>Qui</span> 
     </span>
     <span class='ocr_line' id='line_1_19' title="bbox 100 2462 1126 2564; baseline -0.001 -23"><span class='ocrx_word' id='word_1_126' title='bbox 100 2462 240 2564; x_wconf 83' lang='lat' dir='ltr'>accepit</span> <span class='ocrx_word' id='word_1_127' title='bbox 276 2469 350 2541; x_wconf 87' lang='lat' dir='ltr'>eius</span> <span class='ocrx_word' id='word_1_128' title='bbox 384 2468 653 2555; x_wconf 85' lang='lat' dir='ltr'>testimonium,</span> <span class='ocrx_word' id='word_1_129' title='bbox 694 2468 867 2562; x_wconf 75' lang='lat' dir='ltr'>signavit,</span> <span class='ocrx_word' id='word_1_130' title='bbox 904 2468 986 2562; x_wconf 82' lang='lat' dir='ltr'>quia</span> <span class='ocrx_word' id='word_1_131' title='bbox 1020 2465 1126 2558; x_wconf 74' lang='lat' dir='ltr'>Deus</span> 
     </span>
     <span class='ocr_line' id='line_1_20' title="bbox 98 2571 1126 2678; baseline -0.001 -20"><span class='ocrx_word' id='word_1_132' title='bbox 98 2608 212 2658; x_wconf 80' lang='lat' dir='ltr'>verax</span> <span class='ocrx_word' id='word_1_133' title='bbox 243 2599 304 2656; x_wconf 87' lang='lat' dir='ltr'>est.</span> <span class='ocrx_word' id='word_1_134' title='bbox 370 2585 490 2678; x_wconf 82' lang='lat' dir='ltr'>Quem</span> <span class='ocrx_word' id='word_1_135' title='bbox 518 2571 733 2656; x_wconf 43' lang='lat' dir='ltr'>enim&#39;misit</span> <span class='ocrx_word' id='word_1_136' title='bbox 756 2581 882 2668; x_wconf 88' lang='lat' dir='ltr'>Deus,</span> <span class='ocrx_word' id='word_1_137' title='bbox 918 2584 1028 2655; x_wconf 80' lang='lat' dir='ltr'>verba</span> <span class='ocrx_word' id='word_1_138' title='bbox 1048 2582 1126 2657; x_wconf 82' lang='lat' dir='ltr'>Dei</span> 
     </span>
     <span class='ocr_line' id='line_1_21' title="bbox 99 2695 1128 2797; baseline -0.003 -23"><span class='ocrx_word' id='word_1_139' title='bbox 99 2701 280 2797; x_wconf 82' lang='lat' dir='ltr'>loquiturt</span> <span class='ocrx_word' id='word_1_140' title='bbox 308 2724 382 2772; x_wconf 86' lang='lat' dir='ltr'>non</span> <span class='ocrx_word' id='word_1_141' title='bbox 407 2703 500 2772; x_wconf 86' lang='lat' dir='ltr'>enim</span> <span class='ocrx_word' id='word_1_142' title='bbox 521 2702 567 2771; x_wconf 86' lang='lat' dir='ltr'>ad</span> <span class='ocrx_word' id='word_1_143' title='bbox 594 2725 794 2783; x_wconf 83' lang='lat' dir='ltr'>mensuram</span> <span class='ocrx_word' id='word_1_144' title='bbox 816 2699 876 2769; x_wconf 88' lang='lat' dir='ltr'>dat</span> <span class='ocrx_word' id='word_1_145' title='bbox 900 2695 1002 2771; x_wconf 82' lang='lat' dir='ltr'>Deris</span> <span class='ocrx_word' id='word_1_146' title='bbox 1024 2699 1128 2797; x_wconf 56' lang='lat' dir='ltr'>,spiri-J</span> 
     </span>
     <span class='ocr_line' id='line_1_22' title="bbox 100 2809 1190 2912; baseline -0.002 -20"><span class='ocrx_word' id='word_1_147' title='bbox 100 2838 188 2892; x_wconf 82' lang='lat' dir='ltr'>tum.</span> <span class='ocrx_word' id='word_1_148' title='bbox 255 2817 358 2890; x_wconf 76' lang='lat' dir='ltr'>Pater</span> <span class='ocrx_word' id='word_1_149' title='bbox 392 2817 506 2912; x_wconf 80' lang='lat' dir='ltr'>diligit</span> <span class='ocrx_word' id='word_1_150' title='bbox 533 2809 696 2904; x_wconf 68' lang='lat' dir='ltr'>Filium}</span> <span class='ocrx_word' id='word_1_151' title='bbox 737 2836 773 2888; x_wconf 92' lang='lat' dir='ltr'>et</span> <span class='ocrx_word' id='word_1_152' title='bbox 804 2816 923 2889; x_wconf 84' lang='lat' dir='ltr'>omnia</span> <span class='ocrx_word' id='word_1_153' title='bbox 954 2817 1053 2889; x_wconf 89' lang='lat' dir='ltr'>dedit</span> <span class='ocrx_word' id='word_1_154' title='bbox 1085 2817 1126 2890; x_wconf 83' lang='lat' dir='ltr'>in</span> <span class='ocrx_word' id='word_1_155' title='bbox 1187 2844 1190 2849; x_wconf 88' lang='lat'>·</span> 
     </span>
     <span class='ocr_line' id='line_1_23' title="bbox 98 2923 1125 3026; baseline -0.002 -19"><span class='ocrx_word' id='word_1_156' title='bbox 98 2934 330 3007; x_wconf 62' lang='lat' dir='ltr'>mmumm</span> <span class='ocrx_word' id='word_1_157' title='bbox 384 2923 1125 3026; x_wconf 53' lang='lat' dir='ltr'>QmmmstmFffim‚mmtfflmr</span> 
     </span>
     <span class='ocr_line' id='line_1_24' title="bbox 99 3048 1124 3146; baseline -0.005 -22"><span class='ocrx_word' id='word_1_158' title='bbox 99 3072 291 3124; x_wconf 84' lang='lat' dir='ltr'>aeternam:</span> <span class='ocrx_word' id='word_1_159' title='bbox 320 3049 381 3146; x_wconf 89' lang='lat' dir='ltr'>qui</span> <span class='ocrx_word' id='word_1_160' title='bbox 405 3072 525 3123; x_wconf 86' lang='lat' dir='ltr'>autem</span> <span class='ocrx_word' id='word_1_161' title='bbox 544 3051 745 3122; x_wconf 86' lang='lat' dir='ltr'>incredulus</span> <span class='ocrx_word' id='word_1_162' title='bbox 768 3069 820 3120; x_wconf 89' lang='lat' dir='ltr'>est</span> <span class='ocrx_word' id='word_1_163' title='bbox 842 3048 950 3135; x_wconf 85' lang='lat' dir='ltr'>Filio,</span> <span class='ocrx_word' id='word_1_164' title='bbox 978 3075 1051 3120; x_wconf 89' lang='lat' dir='ltr'>non</span> <span class='ocrx_word' id='word_1_165' title='bbox 1072 3049 1124 3121; x_wconf 89' lang='lat' dir='ltr'>vi·</span> 
     </span>
     <span class='ocr_line' id='line_1_25' title="bbox 101 3165 1124 3259; baseline -0.004 -20"><span class='ocrx_word' id='word_1_166' title='bbox 101 3168 201 3241; x_wconf 80' lang='lat' dir='ltr'>debit</span> <span class='ocrx_word' id='word_1_167' title='bbox 231 3165 366 3253; x_wconf 86' lang='lat' dir='ltr'>vitam,</span> <span class='ocrx_word' id='word_1_168' title='bbox 405 3168 552 3246; x_wconf 76' lang='lat' dir='ltr'>sedita</span> <span class='ocrx_word' id='word_1_169' title='bbox 588 3165 662 3236; x_wconf 91' lang='lat' dir='ltr'>Dei</span> <span class='ocrx_word' id='word_1_170' title='bbox 700 3185 821 3237; x_wconf 84' lang='lat' dir='ltr'>manet</span> <span class='ocrx_word' id='word_1_171' title='bbox 856 3165 960 3259; x_wconf 88' lang='lat' dir='ltr'>super</span> <span class='ocrx_word' id='word_1_172' title='bbox 997 3169 1124 3247; x_wconf 79' lang='lat' dir='ltr'>eum.“</span> 
     </span>
     <span class='ocr_line' id='line_1_26' title="bbox 101 3280 1124 3378; baseline 0 -22"><span class='ocrx_word' id='word_1_173' title='bbox 101 3285 245 3378; x_wconf 90' lang='lat' dir='ltr'>Nempe</span> <span class='ocrx_word' id='word_1_174' title='bbox 263 3303 302 3355; x_wconf 90' lang='lat' dir='ltr'>ut</span> <span class='ocrx_word' id='word_1_175' title='bbox 321 3283 483 3357; x_wconf 86' lang='lat' dir='ltr'>Christus</span> <span class='ocrx_word' id='word_1_176' title='bbox 502 3281 664 3354; x_wconf 87' lang='lat' dir='ltr'>Verbum</span> <span class='ocrx_word' id='word_1_177' title='bbox 681 3283 900 3353; x_wconf 85' lang='lat' dir='ltr'>incarnatum</span> <span class='ocrx_word' id='word_1_178' title='bbox 919 3280 1124 3356; x_wconf 87' lang='lat' dir='ltr'>Nicodemo</span> 
     </span>
     <span class='ocr_line' id='line_1_27' title="bbox 99 3382 1147 3492; baseline 0.002 -22"><span class='ocrx_word' id='word_1_179' title='bbox 99 3399 300 3471; x_wconf 83' lang='lat' dir='ltr'>manifestat</span> <span class='ocrx_word' id='word_1_180' title='bbox 329 3399 484 3471; x_wconf 81' lang='lat' dir='ltr'>divinam</span> <span class='ocrx_word' id='word_1_181' title='bbox 505 3398 693 3492; x_wconf 84' lang='lat' dir='ltr'>Evangelii</span> <span class='ocrx_word' id='word_1_182' title='bbox 717 3398 768 3468; x_wconf 82' lang='lat' dir='ltr'>sui</span> <span class='ocrx_word' id='word_1_183' title='bbox 792 3392 1046 3468; x_wconf 78' lang='lat' dir='ltr'>oeconomiam:</span> <span class='ocrx_word' id='word_1_184' title='bbox 1074 3409 1125 3473; x_wconf 85' lang='lat' dir='ltr'>Sic</span> <span class='ocrx_word' id='word_1_185' title='bbox 1146 3382 1147 3387; x_wconf 8' lang='grc' dir='ltr'>ἵ</span> 
     </span>
     <span class='ocr_line' id='line_1_28' title="bbox 90 3521 1143 3602; baseline 0.004 -16"><span class='ocrx_word' id='word_1_186' title='bbox 90 3529 182 3588; x_wconf 70' lang='lat' dir='ltr'>enim</span> <span class='ocrx_word' id='word_1_187' title='bbox 202 3524 287 3586; x_wconf 80' lang='lat' dir='ltr'>Deus</span> <span class='ocrx_word' id='word_1_188' title='bbox 312 3526 423 3588; x_wconf 85' lang='lat' dir='ltr'>dilexit</span> <span class='ocrx_word' id='word_1_189' title='bbox 446 3525 610 3602; x_wconf 70' lang='lat' dir='ltr'>arandum,</span> <span class='ocrx_word' id='word_1_190' title='bbox 639 3535 674 3585; x_wconf 82' lang='lat' dir='ltr'>ut</span> <span class='ocrx_word' id='word_1_191' title='bbox 697 3521 914 3600; x_wconf 79' lang='lat' dir='ltr'>Filiumsuum</span> <span class='ocrx_word' id='word_1_192' title='bbox 935 3527 1143 3600; x_wconf 74' lang='lat' dir='ltr'>unigenitum</span> 
     </span>
     <span class='ocr_line' id='line_1_29' title="bbox 100 3640 1128 3738; baseline 0.004 -34"><span class='ocrx_word' id='word_1_193' title='bbox 100 3645 215 3704; x_wconf 83' lang='lat' dir='ltr'>daret.-</span> <span class='ocrx_word' id='word_1_194' title='bbox 251 3645 431 3722; x_wconf 74' lang='lat' dir='ltr'>momnis,</span> <span class='ocrx_word' id='word_1_195' title='bbox 469 3642 523 3724; x_wconf 81' lang='lat' dir='ltr'>qui</span> <span class='ocrx_word' id='word_1_196' title='bbox 549 3640 644 3704; x_wconf 85' lang='lat' dir='ltr'>credit</span> <span class='ocrx_word' id='word_1_197' title='bbox 673 3642 706 3701; x_wconf 84' lang='lat' dir='ltr'>in</span> <span class='ocrx_word' id='word_1_198' title='bbox 732 3657 801 3709; x_wconf 67' lang='lat' dir='ltr'>eren</span> <span class='ocrx_word' id='word_1_199' title='bbox 826 3657 891 3738; x_wconf 68' lang='lat' dir='ltr'>rton·</span> <span class='ocrx_word' id='word_1_200' title='bbox 903 3655 1036 3724; x_wconf 66' lang='lat' dir='ltr'>pereat,</span> <span class='ocrx_word' id='word_1_201' title='bbox 1063 3643 1128 3726; x_wconf 75' lang='lat' dir='ltr'>fed</span> 
     </span>
     <span class='ocr_line' id='line_1_30' title="bbox 101 3745 827 3840; baseline -0.004 -19"><span class='ocrx_word' id='word_1_202' title='bbox 101 3759 218 3822; x_wconf 80' lang='lat' dir='ltr'>lrabeat</span> <span class='ocrx_word' id='word_1_203' title='bbox 242 3762 345 3821; x_wconf 83' lang='lat' dir='ltr'>viram</span> <span class='ocrx_word' id='word_1_204' title='bbox 365 3773 505 3823; x_wconf 72' lang='lat' dir='ltr'>aternam</span> <span class='ocrx_word' id='word_1_205' title='bbox 529 3745 574 3840; x_wconf 86' lang='lat' dir='ltr'>c).</span> <span class='ocrx_word' id='word_1_206' title='bbox 822 3760 827 3771; x_wconf 88' lang='lat'>&#39;</span> 
     </span>
    </p>
   </div>
   <div class='ocr_carea' id='block_1_3' title="bbox 143 3904 961 3996">
    <p class='ocr_par' dir='ltr' id='par_1_4' title="bbox 143 3904 961 3996">
     <span class='ocr_line' id='line_1_31' title="bbox 143 3904 961 3996; baseline 0.012 -26"><span class='ocrx_word' id='word_1_207' title='bbox 143 3915 176 3992; x_wconf 82' lang='lat' dir='ltr'>a)</span> <span class='ocrx_word' id='word_1_208' title='bbox 195 3904 360 3984; x_wconf 57' lang='lat' dir='ltr'>sedet.</span> <span class='ocrx_word' id='word_1_209' title='bbox 461 3914 491 3996; x_wconf 77' lang='lat' dir='ltr'>t)</span> <span class='ocrx_word' id='word_1_210' title='bbox 515 3912 554 3978; x_wconf 74' lang='lat'>111.</span> <span class='ocrx_word' id='word_1_211' title='bbox 578 3912 635 3983; x_wconf 80' lang='grc' dir='ltr'><strong><em>ΙΙΙ.</em></strong></span> <span class='ocrx_word' id='word_1_212' title='bbox 660 3929 703 3988; x_wconf 68' lang='lat' dir='ltr'>gr.</span> <span class='ocrx_word' id='word_1_213' title='bbox 760 3915 961 3994; x_wconf 76' lang='lat' dir='ltr'>-0)1r.1⁶.</span> 
     </span>
    </p>
   </div>
   <div class='ocr_carea' id='block_1_4' title="bbox 0 0 1234 4560">
    <p class='ocr_par' dir='ltr' id='par_1_5' title="bbox 0 0 1234 4560">
     <span class='ocr_line' id='line_1_32' title="bbox 0 0 1234 4560; baseline 0 0"><span class='ocrx_word' id='word_1_214' title='bbox 0 0 1234 4560; x_wconf 95' lang='lat' dir='ltr'> </span> 
     </span>
    </p>
   </div>
  </div>
 </body>
</html>
