2460 4560
507 371 736 390 h—p—

39 356 55 441 f
117 339 186 426 156
398 427 400 431 ,

111 486 254 559 ludaeos
279 479 457 586 loquitur,
485 481 800 577 persequiturque,
828 469 908 576 qua'e
940 481 1114 558 adventum
1160 459 1164 520 f

70 644 74 651 ·
110 602 175 684 filii
193 601 344 674 hominis
357 623 571 696 praecessura
584 598 650 669 sint
674 597 858 693 „signatu
879 601 974 687 sole,
994 602 1118 692 et'luna,
1162 571 1164 637 i

113 741 150 794 ct
184 720 311 807 stellis,
357 735 392 787 et
426 740 589 812 pressura
619 714 777 813 gentium
816 741 892 811 prae
923 716 1146 815 confusione.

6 855 8 859 '
112 837 245 911 sonitus
278 831 400 919 maris,
429 852 464 904 et
494 831 689 907 fluctuum:
718 831 959 905 arescentibus
987 815 1122 925 homiui·
1156 904 1159 909 .

85 1005 93 1015 ,.
112 953 181 1029 bus
205 975 276 1048 prat
306 949 456 1035 timore,
492 969 528 1020 et
553 949 839 1051 exspectatione,
867 974 948 1044 quae
976 951 1123 1047 superve·
1161 958 1164 963 ’

87 1071 213 1142 'nient
264 1065 432 1145 universo
471 1056 578 1149 orbi,
631 1054 712 1134 nam
767 1059 915 1136 virtutes
967 1070 1126 1138 coelotum

113 1182 365 1258 movebuntur.
432 1181 480 1252 Et
508 1200 591 1252 tunc
619 1181 794 1253 videbunt
822 1181 952 1257 Filium
983 1181 1125 1259 hominis

112 1293 313 1376 veriientem
334 1299 378 1375 in
401 1298 496 1370 nube
520 1323 600 1368 cum
626 1317 800 1398 potestate
825 1323 978 1393 magna,
1007 1319 1043 1372 et
1067 1324 1126 1370 ma·

112 1418 244 1498 iestate.
304 1414 368 1493 His
395 1434 512 1491 autem
537 1413 613 1493 fieri
638 1413 912 1509 incipientibus,
952 1415 1124 1512 respicite,
1155 1430 1159 1439 “

114 1555 151 1607 et
187 1537 300 1615 levate
335 1530 448 1626 capita
473 1550 613 1603 vestra:
662 1530 831 1624 quoniam
851 1533 1128 1629 ‘appropinquat

113 1649 289 1727 redemtio
313 1667 438 1729 vestra,
450 1649 472 1684 “
510 1646 626 1720 Affert
643 1665 727 1718 tunc
746 1646 1008 1735 similitudinem
1027 1649 1124 1722 modo

115 1767 340 1864 exsplicatam
365 1765 411 1836 de
434 1770 542 1861 prbore
564 1772 616 1850 fici
640 1761 679 1852 a)
703 1765 763 1835 seu
789 1764 963 1862 ficulnea,
991 1775 1126 1838 enormi·

113 1897 170 1957 bers
195 1892 360 1964 arborilun,
423 1879 581 1957 Demum
607 1900 646 1958 ut
675 1880 744 1957 laeti
772 1881 910 1984 possint
938 1883 1122 1980 respicere,

115 2021 151 2072 et
179 2003 296 2072 levare
321 1998 436 2092 capita
463 1999 544 2095 sua,
571 2009 717 2087 quoniam
740 2010 974 2091 appropinquat
994 2010 1123 2071 redemtio

114 2138 219 2187 vestra
232 2157 244 2198 ‚-
280 2140 325 2185 ne
354 2115 413 2184 illa
443 2111 611 2183 excidant
636 2139 715 2184 cum
741 2111 878 2209 impiis,
918 2136 1022 2190 cavet
1046 2096 1148 2187 suisa

115 2242 274 2304 Attentiite
298 2251 402 2300 autern
423 2238 527 2315 vobis,
554 2256 591 2298 ne
605 2237 695 2316 forte
713 2252 885 2314 graventur
907 2243 1003 2303 careia
1031 2253 1123 2319 uestra

114 2359 148 2419 in
168 2355 295 2436 crapula
318 2370 348 2416 et
364 2355 531 2440 ebrietate²
552 2366 594 2421 et
615 2359 692 2424 curis
711 2357 804 2423 lrar'us
821 2359 915 2424 pita:
943 2371 976 2420 et
994 2357 1124 2439 superve-

113 2477 183 2535 niat
205 2475 236 2533 in
261 2491 318 2536 vos
338 2473 496 2552 repentina
521 2470 584 2535 <lies
607 2472 686 2539 illa:
722 2483 872 2554 tanquam
901 2474 1031 2556 laqueas
1057 2476 1132 2537 enin·

103 2589 303 2671 superveniet
331 2591 364 2650 in
393 2607 516 2665 omnes,
535 2574 540 2620 T
558 2591 611 2670 qui
636 2587 747 2666 sedent
768 2587 866 2669 super
888 2589 1010 2670 faciem
1039 2593 1124 2651 omnir

63 2772 67 2779 s
114 2719 207 2768 terra.
259 2695 340 2766 Hoc
364 2695 469 2790 igitur
492 2695 670 2777 bonorum
695 2698 921 2771 etmalorum
945 2717 1000 2776 est
1019 2694 1126 2769 discri-

101 2834 215 2898 men,
243 2813 342 2907 quod
365 2811 507 2898 hicum,
534 2811 634 2885 iuxta
659 2810 877 2908 Apostolum
902 2808 962 2900 b),
1000 2826 1126 2886 dixerint

108 2956 178 3020 pax
202 2950 231 3000 et
246 2936 422 3014 securitas:
450 2949 520 3009 tunc
547 2941 720 3017 repentinus
749 2941 792 3001 eis
803 2936 1006 3018 superveniet
1032 2941 1127 3003 interi·

115 3068 185 3132 tus,
216 3052 299 3130 ficut
334 3055 419 3121 ‹uilor
446 3056 479 3114 in
516 3066 602 3120 utero
637 3054 789 3131 habenti,
825 3066 855 3116 et
883 3074 943 3122 non
977 3053 1127 3133 effugient.

120 3173 177 3232 Vos
198 3183 301 3233 aretem
313 3170 433 3248 fratres
454 3188 513 3230 non
535 3172 607 3240 estis
630 3173 663 3243 in
685 3172 827 3248 tenebris,
856 3183 894 3259 ut
913 3189 972 3232 uos
995 3173 1060 3234 a'ies
1080 3172 1129 3232 illa

113 3267 263 3370 tanquam
276 3288 336 3366 fur
357 3286 599 3367 comprehendat.
651 3277 763 3360 Prout
788 3278 952 3364 nimirum
964 3278 1128 3354 xChristus

113 3397 208 3490 apud
237 3395 453 3467 Mattlreeum
481 3393 639 3489 loquitur
664 3391 726 3483 c):
772 3405 855 3494 illud
879 3418 983 3474 autern
993 3405 1128 3483 scitote,

88 3526 256 3603 ,pilonium
282 3525 309 3581 si
323 3520 423 3599 sciret
437 3520 688 3601 paterfamilias,
716 3539 780 3604 qua
803 3521 882 3586 lurra
899 3521 961 3599 fur
985 3536 1129 3584 venturus

112 3649 207 3713 esset,
240 3639 388 3712 vigilaret
418 3640 546 3719 atique,
580 3648 611 3707 et
636 3657 695 3699 non
720 3634 835 3712 fineret
857 3635 983 3718 perfodi
1010 3639 1127 3698 domurn

39 3797 41 3803 ι
99 3753 206 3834 seram.
259 3754 329 3814 Ideo
347 3766 377 3815 et
391 3773 449 3815 vos
466 3766 560 3826 estote
573 3758 704 3835 parati:
732 3758 809 3838 quia
826 3773 889 3837 qua
906 3757 1029 3821 nescitis
1045 3755 1127 3829 liora,

143 3909 145 3913 ⁵
173 3926 203 3998 a)
224 3927 285 3981 lun
311 3925 404 3986 XXI.
430 3942 505 3999 πᾳ..
584 3929 658 4007 b)1,
687 3929 796 3997 Thessal.
821 3929 858 3992 V·
880 3887 910 3999 s.¹
982 3885 985 3890 ι
1019 3989 1020 3993 ,

213 4014 240 4084 c)
264 4010 361 4085 ⁴traua.
384 4009 508 4071 XXIV.
532 4023 577 4080 ⁴3.
