2460 4560
567 368 796 385 *ann—‘-

173 355 224 426 70

174 504 211 560 et
238 484 398 560 adoravit
422 510 525 558 eum:
564 503 599 560 et
623 487 777 556 clamans
804 509 893 559 voce
919 486 1051 582 magna
1079 486 1173 560 dixit:
1205 524 1212 543 ·

175 604 274 696 Quid
297 604 400 691 mihi,
428 624 462 674 et
493 602 555 675 tibi
580 602 662 684 ,lesu
688 600 755 672 Fili
774 600 848 673 Dei
870 603 1077 683 Altissimi?
1114 603 1180 676 Ad-

171 721 253 805 iuro
274 741 308 805 te
331 746 393 818 per
416 718 558 806 Deum,
587 744 631 799 ne
655 744 711 796 mc
733 738 906 821 torqueas.
919 722 943 757 ‘⁶
990 719 1181 801 Mattheus

175 841 267 924 duos
305 824 502 922 memorat,
546 834 619 930 qui,
643 837 881 916 clamaverunt
915 835 1075 913 dicentes
1111 831 1178 925 o):

173 949 296 1047 „Quid
311 952 425 1038 nobis,
443 973 478 1023 et
490 951 562 1039 tibi,
579 952 658 1022 Jesu
674 949 739 1021 Fili
752 949 853 1031 Dei?
874 950 1014 1034 Venisti
1028 953 1179 1031 huoante

173 1092 313 1166 tempus
339 1089 502 1164 torquere
528 1069 624 1151 nos?
659 1067 744 1146 Erat
770 1087 886 1140 autem
912 1058 991 1147 non'
1012 1070 1121 1165 longe
1142 1070 1180 1141 ab

170 1187 240 1272 illis
260 1212 348 1281 grex
368 1190 557 1269 multorum
576 1209 767 1287 porcorum
785 1209 945 1280 pascens.
992 1183 1180 1267 Daemones

171 1325 288 1386 autem
310 1303 484 1396 rogabant
510 1328 589 1372 eum
620 1300 796 1371 dicentes:
826 1299 859 1371 Si
881 1299 973 1371 eiicis
997 1327 1066 1378 nos
1090 1301 1179 1387 binc,
1219 1294 1222 1413 l

171 1420 271 1502 mitte
295 1435 361 1489 nos
384 1418 420 1488 in
446 1443 589 1512 gregem
615 1438 816 1512 porcorum.
867 1417 914 1488 Et
939 1416 987 1494 ait
1009 1417 1178 1498 illiszjlte.

171 1537 225 1617 At
245 1534 292 1615 illi
310 1554 479 1614 ‚exeuntes
501 1533 663 1614 abierunt
681 1531 717 1603 in
739 1559 890 1628 porcos,
918 1552 953 1605 et
974 1560 1059 1618 ecce
1080 1535 1180 1631 impe·
1220 1520 1222 1589 Ϊ

172 1671 210 1724 tu
233 1650 320 1724 abiit
345 1670 440 1722 totus
470 1675 557 1744 grex
580 1676 644 1744 per
665 1675 822 1747 praeceps
843 1651 879 1721 in
898 1677 1016 1733 mare:
1045 1671 1081 1725 et
1099 1678 1181 1725 mor·

172 1768 223 1851 tui
245 1771 325 1842 sunt
347 1767 383 1849 in
410 1750 518 1862 aquis.
533 1770 555 1804 “
580 1752 584 1757 ¹
607 1767 681 1859 Qui
703 1788 785 1863 post
802 1768 1101 1855 haecdaemones,
1126 1768 1180 1864 qui

171 1906 227 1958 tot
252 1906 287 1959 et
307 1885 394 1957 tanti
416 1883 517 1965 eiecti
541 1910 561 1965 a
584 1879 988 1983 Christo'memorantur
1015 1883 1054 1965 in
1074 1877 1181 1959 Evan-

169 2001 282 2094 geli0,
310 2000 347 2070 in
367 1999 531 2084 morbos,
560 2000 869 2095 daemoniacusque
895 2019 931 2073 et
949 2000 985 2071 in
1007 2001 1179 2082 maniacus

171 2117 439 2200 transformant,
465 2114 583 2209 porcis
609 2115 803 2186 stolidiores
833 2133 906 2188 esse
934 2138 1099 2211 oportet,
1125 2117 1181 2192 ob·

115 2222 118 2230 ¹
169 2252 268 2319 tusus
292 2257 422 2327 nempe
448 2228 693 2302 materialismo
717 2234 838 2317 sensus
861 2233 1044 2308 habentes.

243 2465 371 2549 Maior
401 2464 628 2548 nihilominus
652 2465 719 2538 luit
743 2467 952 2564 perversitas
979 2469 1179 2567 caecitasque
1218 2444 1222 2571 l

71 2637 86 2654 .
166 2581 452 2669 Pharisaeorum,
489 2582 549 2678 qui
582 2583 874 2678 blasphemabant
910 2585 948 2655 in
982 2585 1178 2668 Beelzebub

167 2700 327 2794 principe
359 2686 615 2783 daemoniorum
643 2700 823 2781 Christum
851 2700 973 2783 eiicere
999 2702 1178 2783 ‚daemonia
1213 2718 1217 2727 “

168 2813 292 2898 Videri
309 2836 448 2912 poterat
463 2817 547 2899 inde
567 2815 798 2903 collusionem
815 2817 958 2900 finxisse
981 2846 1065 2907 eos,
1088 2817 1179 2916 quod
1217 2786 1222 2939 ¹

169 2931 344 3015 daemonia
366 2931 546 3014 Christum
570 2934 696 3006 Filium
715 2933 796 3030 vDei
817 2939 1005 3018 clamarent
1035 2963 1114 3018 non
1138 2938 1180 3009 fe·
1219 2950 1222 3009 ἶ

70 3072 72 3077 ·
167 3054 256 3135 mel;
278 3068 313 3120 at
330 3051 487 3144 semper,
508 3051 607 3145 quod
628 3028 843 3144 smgulariter
862 3034 1081 3140 notandum,
1101 3055 1179 3126 dum
1218 3058 1222 3125 ι’

115 3178 118 3197 “
166 3167 205 3238 id
224 3165 525 3248 calumniabantur
542 3164 674 3252 ludaei,
698 3165 759 3261 qui
776 3166 989 3250 daemonium
1009 3168 1179 3255 habebat,
1220 3250 1222 3261 ¹

167 3303 241 3356 erat
262 3306 403 3369 mutus,
428 3283 538 3355 veluti
563 3282 700 3365 Matth,
726 3281 792 3354 IX.
823 3307 880 3370 32.
931 3283 1180 3370 „Obtulerunt

166 3401 199 3471 ei
229 3401 410 3484 hominem
440 3419 597 3486 mutum,
632 3398 847 3482 daemonium
868 3400 1072 3480 habentem.
1139 3401 1180 3486 Et

169 3515 280 3588 eiecto
299 3517 497 3605 daemonio,
516 3520 655 3600 locutus
673 3536 725 3597 est
747 3535 882 3602 mutus,
910 3509 1088 3598 etmiratae
1109 3503 1180 3594 suut

165 3632 276 3704 turbae
304 3633 478 3716 dicentes:
520 3633 715 3729 Nunquam
737 3631 898 3730 apparuit
928 3633 974 3716 fic
1002 3633 1040 3713 in
1067 3637 1177 3711 Israel.

57 3778 59 3786 ⁸
144 3747 327 3821 >Pharisaei
357 3769 472 3821 autem
501 3751 685 3834 dicebaut:
725 3751 766 3822 In
797 3750 958 3846 principe
988 3752 1180 3826 daemonio‘

163 3891 242 3949 rum
266 3864 357 3937 eiicit
378 3866 601 3951 daemones,“
650 3868 699 3940 Et
718 3867 854 3942 Matth.
877 3868 962 3939 XII.
985 3892 1043 3943 22.
1088 3870 1176 3945 Cum

202 4013 234 4100 r)
254 4015 353 4085 Metu.
381 4014 464 4081 rur.
487 4031 530 4083 η,
635 4028 637 4032 1
674 4043 677 4050 .
1220 3984 1222 4015 ÷
