2460 4560
176 343 247 415 128
459 302 462 308 Ι
567 326 800 367 “““““““”

249 484 368 578 Quam
399 506 520 578 quaeso
545 478 737 552 sublimiter
764 479 886 568 initia,
914 499 950 555 et
979 477 1193 561 incrementa

83 640 89 645 ·
173 604 275 700 regni
309 604 477 676 coelorum
508 597 545 667 in
577 596 675 667 terris
710 623 730 668 a
761 598 910 672 minimo
945 605 1132 698 progressi
1161 607 1192 677 in

171 745 323 818 regnum
346 717 579 800 immensum,
616 734 652 786 et
686 730 856 786 aeternum
888 714 927 786 in
963 719 1084 808 culis,
1120 747 1192 818 quae

114 879 116 883 ’
172 859 226 913 est
246 835 366 909 diviua
384 829 571 925 Evangelii
596 826 728 901 Christi
755 831 979 922 oeconomia‚
1008 862 1030 907 a
1053 836 1191 912 Christo

172 954 393 1052 explicantur
417 949 455 1020 iu
480 946 659 1044 parabolis
691 946 736 1019 de
763 971 875 1042 grano
899 949 1045 1047 synapis
1074 950 1138 1042 a),
1162 974 1193 1028 et

170 1075 217 1146 de
242 1071 438 1152 fermento,
468 1064 568 1160 quod
590 1082 774 1158 acceptum
799 1065 924 1139 mulier
947 1066 1141 1145 abscondit
1158 1070 1191 1142 in

154 1188 289 1274 ‚farinae
312 1182 390 1258 satis
412 1181 540 1266 tribus,
567 1179 685 1252 donec
709 1181 957 1255 fermentatum
979 1203 1035 1257 est
1060 1205 1190 1275 totum,

167 1308 216 1379 ad
241 1299 488 1375 declarandam
517 1295 738 1368 reconditam
762 1296 856 1370 illam
879 1298 1073 1397 Evangelii
1098 1317 1192 1376 virtuss

169 1446 232 1496 tem
259 1429 319 1492 Dei
341 1418 400 1507 b),
433 1415 533 1487 iuxta
559 1417 781 1509 apostolum,
816 1423 1001 1503 insolutum
1026 1432 1111 1491 omui
1136 1449 1190 1491 crt-

124 1589 137 1611 0
169 1550 277 1623 denti,
317 1535 363 1606 de
398 1558 469 1628 qua
497 1529 616 1601 initio
636 1529 816 1619 diximus,
855 1530 894 1601 in
923 1557 1039 1629 grano
1071 1535 1190 1632 sinapis

167 1679 317 1754 quoque
338 1648 591 1746 conspicuam:
629 1657 713 1738 quod
736 1659 900 1720 minimum*
920 1670 967 1720 est
993 1661 1189 1741 omnibuis:-

168 1782 320 1858 minibus,
347 1797 417 1840 cum
441 1787 546 1837 autem
571 1776 718 1851 creverit,
746 1776 849 1836 maius
873 1784 919 1837 cst
943 1779 1086 1841 ominbus
1110 1779 1188 1840 oltri-

167 1901 245 1976 bus,
271 1909 302 1959 et
318 1893 360 1974 fit
379 1894 491 1968 arbor,
518 1895 628 1953 itaut
654 1891 793 1951 volucres
815 1891 880 1952 caeli
907 1894 1060 1970 ueniant,
1087 1895 1187 1973 etita·

166 2017 264 2077 biteut
280 2016 313 2073 in
329 2014 426 2072 rumis
443 2012 517 2071 eius.
545 1996 822 2091 Adhibetnrquti
841 1998 989 2094 perinde
1007 2026 1029 2071 a
1047 2000 1186 2074 Christo

165 2119 204 2194 in
241 2114 543 2212 comparationem
578 2113 674 2208 apud
705 2114 922 2186 Matthaeum
948 2111 1008 2204 t),
1046 2119 1186 2214 quando

168 2237 417 2334 apostolorum
448 2228 729 2302 incredulitatem
754 2256 923 2326 arguens,
961 2257 1088 2305 eorum
1110 2232 1186 2307 fidei

167 2354 346 2426 stimulum
374 2345 495 2418 addit:
533 2363 569 2415 et
596 2345 693 2441 apud
717 2345 869 2434 Lucam,
897 2347 983 2419 dum
1013 2349 1085 2447 ipsi
1112 2336 1192 2425 oum¹

166 2465 330 2564 discipuli
363 2480 532 2558 rogarent
558 2458 619 2551 d):
659 2472 789 2548 Arianae
815 2473 899 2534 uobis
925 2472 1032 2549 fidem:
1099 2477 1187 2538 Dixit

111 2598 115 2605 ’
165 2608 272 2660 autem
290 2592 460 2653 Dominus:
482 2589 701 2651 studueritis
714 2562 809 2665 fiderit
819 2585 903 2664 ficut
917 2609 1052 2665 granum
1060 2589 1186 2676 sinapis,

164 2715 274 2776 dicetis
301 2711 379 2771 lucie
402 2708 507 2770 arbori
533 2724 640 2768 moro:
683 2705 875 2792 Eruditure,
907 2718 937 2770 et
961 2711 1188 2793 transplantate

163 2832 199 2895 in
223 2829 336 2897 utare:
363 2835 394 2887 ct
417 2822 535 2886 obediet
558 2824 655 2886 uobis.

238 3050 414 3144 Moxque
443 3044 585 3118 additur
614 3045 805 3142 parabola,
841 3072 920 3144 quae
942 3072 1010 3122 nos
1036 3053 1097 3123 vel
1122 3077 1187 3123 ma·

163 3168 260 3246 xime
293 3165 471 3240 humiliter
502 3163 548 3234 de
578 3163 685 3236 nobis
711 3164 838 3237 sentire
864 3165 994 3251 docet,
1031 3167 1106 3262 qui,
1125 3166 1188 3240 toti

127 3277 132 3287 ’
160 3287 250 3382 Deo
278 3280 439 3357 obstricti
462 3279 584 3352 omnia
601 3280 633 3352 ei
654 3282 825 3354 debemus
842 3308 908 3382 per
929 3281 1187 3368 similitudinem

161 3404 252 3478 servi
273 3401 366 3474 iussa
385 3397 522 3472 domini
542 3398 595 3472 lui
614 3399 839 3496 exequentis:
866 3406 1017 3490 nunquid
1028 3414 1187 3488 matiam,

161 3515 357 3607 subdite),
385 3527 477 3590 hebet
487 3527 585 3605 seruo
610 3527 674 3605 illi,
701 3530 778 3610 quia
796 3526 898 3606 fecit,
924 3543 988 3607 quae
1008 3529 1039 3588 εἰ
1059 3530 1189 3610 imperu-

160 3646 283 3711 oerut?
325 3646 394 3707 Non
416 3658 506 3726 puto.
574 3643 625 3706 Sic
652 3657 683 3707 er
706 3663 785 3721 not,
813 3662 882 3703 cum
898 3642 1042 3722 feceritis
1062 3647 1186 3721 omnia,

161 3782 226 3851 qua
241 3777 397 3847 precepta
408 3762 489 3842 sunt
514 3760 625 3840 vobis,
652 3762 768 3822 dicite:
804 3759 894 3823 Strui
917 3759 1042 3823 inutiles
1057 3758 1186 3841 sumus,

205 3941 236 4016 a)
267 3939 365 3994 Muti.
393 3933 479 3996 XIII.
503 3947 547 4003 aa.
652 3929 681 4007 t)
704 3933 787 3995 dium,
820 3934 846 3998 I,
881 3937 924 3990 16·
1028 3936 1058 4013 c)
1090 3890 1185 3994 dirui.

252 4017 368 4079 XVIII.
393 4030 438 4086 19.
540 4016 656 4096 Mem
681 4016 780 4083 XVII.v
881 4015 1024 4096 e)1t.9.
1055 4038 1058 4047 ·

114 4168 119 4181 b

64 4208 162 4284 Β·
