2460 4560
250 345 321 416 322
570 303 801 374 π

105 481 218 546 cneus
242 505 320 559 ¹rem
347 475 474 562 aufert,
501 467 587 546 du'm
611 491 738 546 contra
757 499 822 564 pre
849 484 967 549 tiniore
992 485 1056 549 eius
1075 503 1117 549 ex·

124 600 189 654 XX·
246 607 347 668 territi
354 603 434 684 sunt
456 601 611 678 custodes,
633 613 665 662 et
673 600 762 680 sacti
775 600 858 679 sunt
881 603 976 667 velut
990 609 1121 667 mortui.-

93 713 307 815 J‘uni
327 711 491 782 nimirum
508 734 583 780 non
601 727 701 779 erant
719 707 756 778 in
776 709 837 805 spe
855 711 1119 784 resurrectionis

246 826 452 912 dominicae,
464 824 515 896 ‘de
535 849 658 895 eorum
678 850 829 899 numero
848 852 945 922 quos
962 828 1120 904 Christus

244 943 445 1018 eservitute
463 940 635 1014 daemonis
654 940 828 1029 liberans,
847 943 1030 1040 captivam
1048 947 1119 1018 duc·
1158 946 1161 963 '

242 1080 340 1135 turus
368 1080 442 1132 erat
467 1056 703 1154 captivitatem
726 1056 763 1127 in
790 1062 923 1148 coelos,
964 1073 1123 1150 degisetiens

143 1244 146 1251 .
244 1201 392 1264 mortem,
415 1197 452 1246 ut
468 1188 541 1246 vite
560 1197 670 1244 eterna
688 1183 815 1246 heredes
831 1182 1043 1264 efficeremur:
1057 1206 1117 1270 pro
1159 1182 1161 1256 Ι

237 1307 344 1387 sectus
364 1308 397 1364 in
415 1303 537 1379 calum,
549 1300 699 1381 subiectis
710 1297 772 1378 siri
789 1304 925 1384 angelis,
947 1317 983 1368 et
994 1318 1116 1388 potesta·

245 1422 344 1498 tibus,
366 1433 397 1482 es
417 1419 588 1480 virtutibus
605 1405 658 1494 a).
707 1400 825 1481 Nobis
845 1429 992 1500 autem,
1013 1438 1118 1509 quam·

244 1525 379 1601 diu'in
410 1527 476 1597 hac
505 1524 580 1596 vita
611 1524 730 1597 sumus
756 1551 831 1598 non
863 1528 985 1601 solum
1015 1554 1117 1601 exem·

244 1648 365 1744 plum,
397 1643 457 1715 sed
477 1640 582 1713 etiam
602 1640 801 1728 virtutem„
821 1644 973 1719 devicto
998 1648 1119 1731 sanna,

245 1760 388 1848 tribuit,
415 1779 455 1832 ut
481 1759 657 1855 possimus
672 1787 731 1849 per
748 1781 946 1832 armaturam
970 1770 1031 1835 Dei
1045 1768 1119 1851 stare

244 1888 393 1952 adoetsus
415 1889 542 1947 insidias
564 1884 686 1946 dioboli.
725 1884 879 1968 ,Quoniam
900 1905 964 1948 non
983 1902 1031 1951 est
1048 1889 1122 1950 nobis

246 2007 424 2069 wHoctatio
458 2005 617 2064 adversos,
642 2019 762 2064 carnem
787 2013 818 2065 et
833 2001 1051 2082 sanguinem.-
1072 2003 1126 2086 sed

246 2119 395 2185 adversus
406 2122 578 2200 principes,
599 2130 633 2180 et
644 2130 835 2198 potestates,
854 2119 1009 2183 adversas
1026 2122 1125 2193 munli

245 2251 376 2302 rectores
406 2235 596 2298 tenebrarum
630 2234 768 2312 tearum,
804 2247 913 2297 contra
937 2235 1124 2318 spiritualia

245 2357 386 2436 nequitia
414 2355 446 2412 in
469 2350 636 2412 celestibus
659 2337 722 2430 t).·
766 2341 928 2415 Satanam
960 2344 1126 2418 nimirum

245 2464 337 2535 ooelo
365 2459 570 2544 detrusum,
604 2482 710 2552 quem
734 2459 837 2554 snpra
864 2457 1073 2555 Apostolus
1098 2487 1124 2536 c.

245 2580 290 2651 II.
316 2603 348 2650 2.
379 2593 487 2649 vocat
509 2586 681 2664 principem
703 2562 873 2665 potestatis
903 2590 989 2650 aeris
1015 2580 1124 2667 leuius,

233 2705 387 2787 spiritns,
411 2703 464 2782 qui
487 2718 565 2761 nnnc
589 2713 736 2781 operatur
759 2704 793 2762 in
813 2700 902 2778 filios
927 2701 1123 2781 diffidentie:

244 2809 439 2907 Ἐπερανίοις
465 2825 505 2880 ut
528 2806 636 2878 habet
661 2825 780 2880 textus
810 2808 1022 2904 originalis;
1058 2834 1124 2909 qua

244 2949 337 3002 voce
362 2922 596 2998 communiter
625 2923 729 2996 etiam
755 2923 842 2997 aeris
873 2927 1047 3023 regiones
1072 2930 1127 3005 de·

243 3062 423 3118 notantur.

284 3216 456 3303 ·)1.t’esr.
480 3217 535 3284 111·
559 3234 603 3280 ct·
687 3221 718 3298 l)
742 3220 805 3297 Epi.
831 3222 880 3288 Vl.
911 3236 956 3287 tr.
