2460 4560
257 367 331 432 204
578 379 809 398 --—--·

112 486 225 552 08)οΐ
258 493 402 567 Christo
426 510 637 590 potestatem
647 494 662 578 ,l
679 511 716 564 et
737 491 775 562 in
797 490 907 564 nobis
930 491 1120 591 dignitatern

149 597 187 653 ¹¹·
258 613 421 697 denotat,
447 635 516 705 qua
543 594 588 680 ex
613 608 700 684 Deo
729 607 802 680 nati
824 608 911 682 Filii·
930 609 1009 684 Dei
1030 613 1140 710 noni·¹

31 803 43 813 ,
95 709 237 775 “W
255 753 380 800 nemur
406 746 441 799 et
461 726 576 798 fimus.
628 725 753 797 Tanto
777 725 849 799 hoc
873 727 1062 803 sublimius
1083 749 1122 803 est

254 843 291 915 in
313 843 511 938 Evangelio
533 842 683 928 Christi,
708 862 882 937 quantum
902 843 998 918 inter
1016 845 1121 920 Deum

256 980 291 1034 et
315 959 498 1034 hominem
523 959 707 1032 discrimen
732 978 804 1044 est,
832 960 927 1033 inter
953 963 1121 1036 homiuem

257 1097 293 1150 et
315 1077 438 1150 Deum
462 1081 605 1162 laesum,
633 1076 693 1171 qui
719 1076 903 1149 hominem
930 1079 1135 1173 induit,ut1

256 1176 420 1266 homines
453 1193 603 1266 liberet:
641 1192 736 1268 misit
765 1185 996 1288 unigenitum
1028 1188 1121 1271 lilium

256 1313 358 1384 fuum
391 1311 428 1381 in
462 1308 660 1396 muudum,
702 1323 742 1382 u't
774 1310 941 1385 homines
973 1314 1012 1386 in
1045 1315 1121 1386 lilios

257 1430 339 1505 [uos
366 1426 568 1523 adoptaret:
607 1424 769 1521 „Neque
792 1426 886 1499 enim
914 1430 1007 1518 iam,
1034 1432 1078 1504 ait
1095 1431 1119 1502 S.

258 1543 480 1640 Augustinus
515 1539 579 1632 a),
619 1542 908 1638 desperandum,
955 1548 1156 1649 participa·¹

260 1662 359 1734 tione
382 1658 494 1731 Verbi
516 1659 593 1734 fieti
618 1685 727 1756 posse
746 1659 908 1732 homines
921 1654 1023 1736 'filios
1044 1664 1121 1751 Dei,

260 1776 406 1874 quando
424 1776 533 1855 Filius
550 1775 624 1888 Ilei
644 1776 913 1874 participatione
934 1783 1049 1867 carnis
1069 1784 1123 1889 las·

261 1917 317 1969 tus
348 1916 400 1970 est
426 1895 519 1968 filius
546 1893 709 1966 hominis.
724 1893 746 1928 “
812 1894 983 1991 Explicat
1007 1900 1076 1983 huc
1096 1898 1121 1970 S.
1162 1934 1165 2005 p

262 2012 416 2107 Cyrillus
440 2010 618 2084 Alexand.
641 2007 679 2100 b>
703 2010 741 2080 in
766 2011 861 2084 hunc
885 2012 990 2088 loan.
1017 2020 1123 2088 locun
1162 2014 1165 2105 ξ

260 2127 350 2199 illud
377 2128 403 2198 Ι.
434 2126 529 2199 Petri
553 2128 597 2198 ΙΙ.
635 2127 742 2215 „Vos
764 2147 881 2200 autem
907 2132 1022 2223 genus
1050 2136 1124 2204 elec·
1163 2114 1165 2159 Ι

193 2261 196 2268 “
262 2263 363 2330 turn,
408 2247 525 2339 regale
562 2245 820 2330 sacerdotium,
863 2270 954 2339 gens
991 2251 1122 2334 lancta,

187 2353 189 2359 ⁵
259 2362 418 2458 populus
445 2361 709 2455 acquisitionis,
736 2380 775 2432 ut
799 2361 947 2434 virtutes
977 2367 1052 2438 eius
1076 2392 1124 2436 an·

260 2478 447 2565 nuntietis,
475 2478 535 2574 qui
555 2473 621 2550 vos
648 2505 667 2549 e
689 2478 842 2549 tenebris
861 2482 1011 2555 vocavit
1028 2484 1064 2552 in
1082 2486 1122 2553 lu·

260 2623 337 2669 cem
362 2595 616 2669 admirabilem.
669 2594 778 2690 vCum
805 2595 927 2683 enirn,
961 2598 1076 2694 inquit
1094 2597 1120 2668 S.

259 2714 379 2799 Pater,
406 2713 533 2784 Filium
553 2712 755 2808 exceperint
772 2739 834 2809 pet
861 2715 992 2802 fidem,
1020 2737 1122 2814 potes·⁴

172 2904 175 2911 ,
258 2849 364 2902 tatem
395 2829 592 2927 accipiunt,
628 2850 669 2902 ut
689 2829 779 2901 inter
805 2830 896 2902 lilios
923 2828 1001 2903 Dei
1025 2837 1122 2906 collo·

256 2965 390 3019 centur.
441 2947 635 3020 Enimvero
658 2945 718 3018 dat
735 2946 844 3034 filius,
863 2968 904 3020 ut
928 2950 998 3053 ssnt
1014 2973 1117 3047 potes·

255 3084 325 3136 tate
348 3063 407 3149 id,
443 3064 542 3157 quod
570 3064 633 3134 fibi
660 3064 721 3136 uni
745 3064 914 3161 proprie,
951 3089 989 3140 et
1014 3071 1121 3141 secuu-

256 3181 342 3252 dum
363 3196 521 3251 naturam
540 3179 654 3268 inest,
681 3180 719 3252 in
745 3208 935 3255 commune
960 3188 1120 3280 quodam·

255 3293 367 3369 modo
407 3323 616 3393 proponens
651 3298 688 3368 in
728 3298 863 3394 fignum
903 3299 1119 3398 benignitatis

254 3418 323 3488 luae
348 3415 384 3485 in
407 3415 605 3502 homines,
620 3436 655 3487 et
679 3441 760 3510 erga
785 3417 961 3489 mundum
986 3419 1118 3493 charita·

255 3533 307 3603 tis.
359 3531 448 3605 Nou
475 3532 567 3604 enim
595 3532 693 3603 aliter
719 3559 906 3629 possemus
936 3536 1119 3634 corruptio

254 3675 335 3726 uem
350 3651 488 3743 lugere,
508 3650 570 3744 qui
587 3649 714 3721 terreni
732 3670 912 3747 portamus
927 3652 1117 3750 imaginem,

233 3764 320 3834 ‘uisi
341 3768 566 3860 pulchritudo
584 3752 750 3862 ‘imaginis
778 3766 869 3840 illius
896 3771 1047 3843 coelestis
1067 3772 1118 3841 im·

254 3905 374 3977 pressa
402 3882 505 3975 nobis
533 3903 623 3957 esset
647 3911 692 3958 ex
719 3911 780 3973 eo,
808 3885 908 3982 quod
934 3888 1055 3960 vocati
1075 3889 1118 3959 f·

293 4030 323 4106 a)
341 4029 388 4100 En
406 4030 481 4090 carr
495 4052 521 4096 a.
540 4051 581 4098 ιι.
600 4002 728 4123 urta
742 4039 805 4106 42⁶.
880 4034 910 4114 r)
926 4037 958 4115 r.
973 4038 1028 4105 W.
1040 4054 1065 4111 ρ.
1078 4053 1112 4095 ιο.
1163 4094 1165 4101 ,
