2460 4560
315 333 385 397 320
635 298 866 340 ιιι-ιιι-

126 447 129 452 ’
167 457 281 521 error
297 461 441 548 servies„
479 456 711 553 Quapropter
739 456 849 550 magis
878 458 1070 556 magisque
1091 463 1188 534 versi·
1216 450 1220 575 1

191 577 256 634 XX·
310 577 409 672 pellis
431 573 727 670 istedespieiatur¹
754 572 906 645 anobis.
962 574 1082 668 Quod
1101 579 1187 650 enim
1217 580 1220 659 l

156 693 356 764 inlli
392 682 467 763 haec
502 689 688 763 Dominus,
721 689 833 777 dixit,-
869 691 906 762 id
943 697 1060 766 nostri
1090 723 1187 769 causa
1218 674 1220 733 ἶ

306 810 435 883 factum
463 824 537 881 esti
565 827 605 880 ut
626 807 688 878 has
710 831 820 879 voces
845 808 998 880 anobis
1025 810 1110 883 item
1135 838 1186 884 au·

309 925 445 996 dientes
460 927 642 1024 daemones
655 941 877 1012 evertantur,
896 947 1051 1022 propter
1065 920 1185 1000 Domi·

248 1114 252 1127 ,
307 1067 410 1130 num,
429 1042 496 1138 qui,
508 1069 569 1114 eos
587 1040 670 1138 ipsis
689 1039 770 1133 (his
783 1039 932 1131 verbis)
950 1043 1180 1142 increpavit“

145 1293 262 1361 lugeto·
380 1269 494 1370 Quod
516 1302 605 1348 vero
629 1265 827 1349 Matthaeus
849 1295 882 1373 et
905 1272 1026 1351 Lucas
1050 1280 1096 1352 de
1118 1299 1180 1352 ten-

144 1377 294 1515 {afflm
306 1392 438 1466 tatione
469 1392 603 1506 Christi
633 1392 837 1490 explicatius
864 1394 1178 1505 edisserunt,lroc

128 1534 130 1539 ·
157 1535 159 1544 ·
305 1509 506 1606 praemissus
532 1509 616 1581 huic
641 1510 748 1605 capiti
773 1509 805 1581 S.
829 1511 955 1585 Marci
981 1516 1085 1586 locus
1105 1537 1179 1609 pau·

308 1627 356 1700 cis
373 1626 491 1699 verbis
510 1625 773 1722 complectitur,
792 1643 913 1720 estque
931 1627 1085 1700 sublime
1101 1629 1179 1701 illud

307 1742 551 1820 admirandum
573 1741 790 1839 cumprimis,
819 1761 853 1813 et
883 1744 1111 1819 adorandum
1143 1745 1177 1813 in

307 1862 392 1934 tota'
415 1859 481 1930 hac
517 1859 734 1946 narratione,
754 1860 838 1953 'qua'
871 1885 907 1932 se
942 1861 1109 1935 Christus
1144 1861 1177 1931 in

306 1967 408 2050 initio
438 1976 570 2064 statim,
598 1979 683 2050 dum
708 1978 800 2048 foras
828 1976 951 2070 prodit
979 1981 1179 2073 perfunctu-

305 2118 364 2165 rus
396 2119 542 2164 munere
568 2095 655 2180 suo,
694 2119 775 2164 eum
809 2093 1093 2182 demonstravit,
1126 2117 1178 2181 ut,

305 2209 405 2281 iuxta
434 2208 655 2305 Apostolum
686 2206 749 2299 a),
783 2222 814 2280 in
843 2223 965 2281 nomine
993 2221 1073 2292 Jesu
1102 2239 1179 2283 omne

300 2354 380 2411 genu
396 2339 544 2410 flectatur
568 2336 753 2412 celestium,-
788 2339 978 2397 ttrrestrium
1000 2351 1033 2401 et
1056 2339 1179 2418 inferno·

304 2471 392 2528 rum,
416 2442 527 2528 dum,
555 2454 745 2538 postquam
772 2441 900 2538 Spiritu
927 2441 960 2512 S.
992 2444 1122 2517 ductus
1145 2443 1177 2512 in

304 2559 481 2636 desertum
501 2578 586 2655 post
601 2558 770 2629 ieiunium
791 2557 1028 2658 quadraginta
1048 2560 1175 2646 dierum

301 2678 454 2748 fatanam
470 2675 623 2760 deiecit,
651 2687 821 2747 accedentes
843 2685 942 2758 angeli
965 2669 1179 2763 mirustrnlrunt

302 2805 347 2879 ei,
375 2791 558 2863 incarnato
585 2791 712 2863 Verbo
741 2790 953 2887 obsequium
978 2812 1174 2887 praestantes

300 2907 400 2978 iuxta
426 2906 646 3004 Apostolum
667 2899 776 2980 Hebr.
796 2908 822 2977 Ι.
847 2910 888 2977 6»
908 2915 952 2976 Et
977 2937 1050 2978 cum
1073 2919 1172 2980 iteium

299 3035 468 3098 introducit
495 3029 734 3114 primogenitum
762 3037 795 3094 in
823 3035 924 3096 orbem
951 3035 1174 3110 terrae,‘dicit.·

244 3180 251 3193 κ
300 3149 342 3210 Et
365 3150 492 3210 adorent
516 3140 584 3210 eum
609 3168 710 3212 omnes
732 3150 831 3225 angeli
855 3148 914 3211 Dei
927 3177 950 3226 ,·
967 3144 1172 3234 augelorum

300 3255 501 3333 Dominum
525 3275 559 3326 et
578 3251 791 3342 creatorem,
818 3275 923 3351 quem
947 3257 1170 3352 unigenitum

274 3373 426 3469 'Filium
451 3375 552 3445 suum
574 3372 754 3445 hominem
778 3374 910 3444 factum
936 3371 1033 3443 misit
1056 3372 1094 3444 in
1116 3392 1173 3444 ten

299 3517 373 3562 ram
394 3489 520 3576 Deus,
547 3508 587 3561 ut
612 3491 759 3562 sciamus
782 3484 843 3575 h),
868 3514 931 3580 qua
945 3495 1172 3581 sttsuperemi·

297 3637 369 3680 nens
384 3615 577 3692 magnitudo
595 3618 726 3677 virtutis
753 3619 817 3678 eius
843 3616 877 3674 in
901 3632 974 3690 nos,-
1008 3610 1066 3697 qui
1088 3615 1175 3678 eredi-

297 3750 388 3810 mus,
416 3732 588 3811 fecrmdum'
625 3728 832 3815 operationem
848 3730 855 3735 “
864 3735 1012 3811 potentia
1048 3732 1173 3795 virtutis

297 3849 379 3924 eius,
398 3863 491 3928 piram
512 3860 724 3936 operaturus
742 3851 867 3911 eratin
888 3846 1172 3929 Cirristosuscitttm

303 4034 305 4042 .
337 3983 369 4059 a)
390 3987 461 4045 ulit.
484 3987 526 4048 ΙΙ.
552 4005 592 4053 to.
698 3992 728 4067 l)
751 3989 814 4060 Epa.
839 3988 864 4049 1.
891 4003 933 4056 19.
946 3954 1009 4050 ¹etc.

372 4144 386 4175 Ο
