2460 4560
927 355 1005 424 ²932

78 510 85 554 r
117 482 165 555 tia
191 507 267 554 non
290 479 473 567 divinitas,
501 503 577 576 quae
600 485 734 580 semper
755 481 910 578 perfecta
934 502 995 568 est,
1027 473 1141 538 cm*

78 611 86 670 s
116 600 180 671 sed
203 598 359 670 humana
381 619 525 685 natura,
550 623 627 693 quae
648 619 807 696 tempore
833 571 868 673 ei
888 620 995 684 extat,
1035 593 1125 650 xvll.

81 748 86 786 z
117 736 155 788 et
192 708 363 811 augetur,
399 736 434 789 et
457 715 646 812 perficitur.
728 717 910 808 Quocirca
933 711 1152 788 hu·ww

78 840 84 906 i
113 857 224 904 mana
250 831 371 904 omnia
400 831 532 904 Christi
562 831 735 920 Domini,
765 836 914 918 samem,
944 834 997 904 in·

78 978 81 989 ·
112 975 246 1045 quam,
273 949 382 1035 sitim,
408 949 586 1035 laborem,
611 951 792 1037 somnum,
820 950 993 1037 timorem,

109 1067 307 1152 sudorem,
334 1065 553 1153 orationem,
581 1065 840 1167 ignorationem
870 1086 905 1138 et
932 1091 993 1151 cat-

108 1202 191 1255 tera
226 1182 263 1252 id
299 1207 410 1278 genus
446 1182 533 1268 alia,
577 1205 704 1260 nostrat
736 1182 998 1279 conspersionis

107 1325 191 1371 esse
223 1297 394 1385 dicimus,
430 1325 536 1395 quam
567 1324 745 1380 assumens
778 1299 881 1371 Deus
908 1298 995 1374 Ver·
1035 1387 1038 1392 ,

107 1416 203 1488 bum
235 1414 325 1487 uniit
359 1414 449 1503 fibi,
484 1437 639 1504 nostram
671 1436 880 1512 operaturus
910 1417 996 1498 salu*

107 1554 198 1606 tem.
212 1533 235 1569 “
305 1533 354 1604 Et
378 1553 504 1636 postea
527 1533 564 1604 in
586 1534 784 1628 fragmento
809 1535 853 1605 de
875 1533 996 1604 ¹Incar-

104 1649 270 1721 nationer
339 1649 468 1736 „Cum
495 1675 602 1743 ergo,
636 1650 749 1744 inquit
770 1645 832 1736 a),
869 1648 994 1734 audis,

95 1766 295 1858 proficiebat
325 1774 489 1857 sapientia
532 1787 562 1835 et
602 1778 739 1851 gratia,
783 1790 826 1835 ne
866 1765 993 1839 factam

104 1882 164 1955 illi
188 1880 364 1978 sapientiae
386 1880 626 1961 accessionem
645 1881 795 1977 aliquam
816 1878 994 1960 existimes
1100 1900 1102 1907 '

108 1997 221 2092 (Dei
240 1998 333 2076 eninr
350 1978 500 2078 verbum
520 1998 648 2078 nullius
674 1994 801 2095 egetz)
827 1993 887 2077 scd
912 1996 995 2091 quia

105 2114 320 2200 videntibus
354 2114 540 2211 sapientius
573 2117 708 2212 semper
730 2134 835 2211 atque
861 2095 994 2210 gratius
1103 2098 1110 2141 '¹

109 2252 214 2316 erat,
248 2231 333 2309 inde
360 2217 533 2327 proficere
571 2233 703 2314 dictum
735 2252 812 2324 est34
844 2252 884 2312 ut
910 2231 993 2309 inde

107 2349 184 2420 iam
203 2347 451 2430 admirantium
477 2350 636 2437 habitas,
664 2376 769 2446 quam
791 2348 904 2445 ipsias.
925 2374 997 2431 rna.

108 2465 168 2562 gis
201 2464 400 2561 proficeret.
463 2465 576 2558 Quod
604 2466 641 2542 in
677 2457 796 2563 aliquo
825 2466 994 2561 proficit,
1103 2525 1107 2531 .
1164 2473 1169 2492 ¹

78 2625 88 2632 -
109 2581 214 2654 aliud
235 2601 288 2652 est
300 2574 345 2658 ab
364 2569 427 2669 eo‘,
449 2583 485 2655 in
506 2584 604 2675 quod
624 2582 773 2678 proficit,
800 2580 892 2661 Cum
909 2604 998 2682 ergo

106 2699 215 2772 Jesus
253 2697 365 2773 dictiis
405 2699 445 2779 srt
479 2698 647 2800 sapientia
683 2698 882 2795 proficere3
920 2726 995 2770 non

107 2813 285 2917 sapientia
304 2815 535 2919 proficiebat,
559 2815 620 2898 sed
643 2815 679 2897 in
703 2815 762 2887 illa
783 2815 917 2896 animus
935 2816 997 2896 ho·

107 2931 231 3006 minis.
283 2930 377 3011 Cum
401 2940 448 3006 *se
477 2932 570 3013 enim
600 2931 764 3029 quotidie
796 2931 922 3010 Deitas
958 2933 995 3002 in

108 3072 160 3122 eo
183 3047 367 3142 detegeret
383 3051 425 3119 ac¹
444 3051 699 3137 manifestaret,
718 3048 842 3121 maiori
860 3050 996 3144 semper

105 3165 320 3242 videntibus
356 3150 586 3243 ¹admirationi
615 3167 832 3249 habebatur,
859 3242 862 3247 ,
902 3164 1000 3246 Hoc,

108 3310 187 3380 que
217 3281 278 3352 fibi
303 3285 400 3366 vult,
439 3283 538 3377 quod
558 3282 693 3353 'dictum
719 3305 787 3367 est,
814 3290 998 3371 proficiebat

78 3411 280 3493 sapientia.
331 3398 394 3468 Ad
426 3399 522 3477 hunc
552 3402 698 3470 modum
727 3399 892 3494 sapientia
913 3412 997 3493 pro‘·

78 3515 259 3593 -ficiebat
284 3515 502 3609 humairitas3
530 3538 653 3597 natura
685 3517 837 3603 hnmana
863 3515 997 3610 sapiens

103 3637 199 3708 tiam
226 3631 396 3703 induens:
426 3633 497 3725 hoc
527 3655 596 3720 est,
625 3633 698 3716 Dei
716 3633 877 3730 Verbum
899 3635 997 3728 paul·
1027 3695 1029 3699 ,

104 3751 212 3827 latim
231 3775 295 3844 per
315 3775 424 3844 opera
447 3777 487 3823 ac
509 3751 683 3830 mirabiles
704 3751 847 3821 effectus
867 3777 998 3822 assum.

103 3895 188 3945 tum
214 3857 389 3960 'temptum
406 3869 511 3965 apud
527 3870 693 3942 'videntes
721 3866 924 3968 Deificans2
952 3895 993 3953 ea

152 4020 185 4093 a)
210 4017 273 4087 aa.
297 4032 361 4085 aar.
