2460 4560
84 374 198 425 ·ra
549 338 780 376 ''¹¹''—

149 522 255 574 autem
299 499 440 586 christi,'
472 523 537 568 nos
583 496 728 591 quidem
764 496 901 593 indigni
942 495 1088 594 prorsus
1125 523 1171 572 at

146 618 412 703 immerentes‚z
430 618 522 685 mala
544 613 617 684 imo
644 640 683 685 ac
709 614 788 702 dira.
810 613 941 709 quaevis
967 635 1174 702 merentes,

49 821 55 834 x
150 785 176 822 „
188 733 298 806 Deusv
314 752 448 816 autem,
470 729 531 825 qui
549 729 648 801 dives
669 735 772 802 estin
791 731 1046 820 misericordia,
1064 759 1174 831 prop·

149 869 206 924 ter
229 849 370 920 nimiam
401 847 604 920 charitatem
627 848 750 933 suam‚‘
770 874 840 943 qua
869 848 991 921 dilexit
1014 876 1100 937 nos,
1139 867 1175 922 et

145 994 234 1041 cum
263 993 415 1038 essemus
443 965 574 1037 mortui
599 962 775 1061 peccatis,
813 963 1078 1039 convivificavit
1107 992 1174 1040 nos

40 1128 44 1152 ,
149 1084 191 1154 in
221 1083 365 1154 Christo
399 1078 527 1173 (cuius
556 1081 666 1176 gratia
697 1081 775 1152 estis
804 1079 956 1171 salvati)
989 1102 1023 1154 et
1050 1069 1185 1155 conte-³v

150 1199 355 1285 suscitavit,
388 1219 431 1270 et
469 1199 662 1270 consedere
701 1198 784 1268 fecit
822 1198 859 1267 in
899 1199 1100 1287 coelestibus
1136 1199 1174 1270 in

150 1315 302 1386 Christo
324 1316 423 1400 Jesu,
441 1335 481 1385 ut
499 1314 702 1386 ostenderet
721 1314 908 1385 insaeculis
928 1316 1176 1410 supervenien-

39 1488 42 1509 s,
145 1431 248 1501 ‘tibus
280 1431 501 1507 abundantes
533 1424 670 1503 divitias
699 1430 817 1525 gratiae
850 1431 918 1502 suae
945 1431 982 1503 in
1014 1431 1174 1508 bonitate

152 1546 258 1644 {uper
285 1573 352 1620 nos
379 1548 415 1617 in
444 1547 588 1618 Christo
615 1548 696 1618 Jesu
723 1544 811 1635 a).“
1027 1549 1029 1554 ’

226 1895 474 1991 Jonuuns
502 1835 844 1974 antecursor
871 1896 1101 1973 Dourrur.

86 2173 87 2176 π
152 2128 216 2202 ΙΙΙ.
280 2128 1176 2224 ntelleximusiarnexJoanneEvangelistab),fuis·

150 2274 191 2318 se
206 2248 389 2319 hominem
404 2249 546 2319 missum
562 2275 581 2319 a
595 2247 701 2335 Dee,
728 2249 817 2334 „cui
836 2273 966 2319 nomen
985 2269 1058 2320 erat
1071 2249 1176 2320 Joan·

150 2389 227 2435 nes.
287 2363 366 2434 Hic
384 2365 547 2436 venitin
575 2365 839 2450 testimonium,
867 2383 907 2434 ut
933 2364 1177 2437 testimonium

148 2480 358 2577 perhiberet
380 2482 425 2552 de
447 2481 578 2554 lumine
599 2502 661 2553 etc.
678 2485 700 2524 “
727 2507 799 2576 quo
824 2480 987 2553 nimirum
1012 2479 1075 2552 fibi
1102 2507 1180 2558 om·„.

148 2598 209 2669 nia
240 2597 504 2692 responderent
544 2599 589 2670 ad
625 2599 779 2671 divinam
814 2598 904 2668 hanc
937 2599 1176 2692 praeordinata

150 2714 402 2786 oecouomiam.
469 2715 501 2785 S.
543 2715 764 2809 Augustinus
805 2715 1037 2808 quaestionem
1081 2714 1176 2786 insti·

149 2848 253 2902 tuens
280 2857 345 2903 cur
367 2848 491 2925 praeter
514 2831 695 2902 Christum
714 2830 915 2902 Dominum
933 2831 1040 2901 unius
1062 2830 1093 2900 S.
1117 2831 1176 2902 Jo-

90 3001 98 3021 ,
148 2947 249 3019 annis
290 2947 460 3041 Baptistae
500 2949 696 3020 celebretur
730 2947 767 3017 in
801 2946 960 3017 Ecclesia
986 2946 1172 3019 nativitas:

149 3041 359 3151 „Videtun
402 3063 518 3155 inquit
541 3060 582 3150 c)
624 3064 776 3163 Joannes
800 3061 1001 3133 interiectus
1029 3064 1175 3157 quidam

148 3180 248 3251 limes
289 3198 578 3281 testamentorum
618 3179 798 3274 duorum,
842 3179 971 3249 veteris
1007 3199 1043 3250 et
1076 3181 1174 3254 novi.

149 3295 245 3368 Nam
267 3322 361 3396 eum!
375 3321 466 3381 esse,
487 3315 527 3366 ut
548 3294 622 3367 dixi
643 3295 912 3390 quodammodo
933 3294 1078 3366 limitem
1096 3295 1179 3367 Do·

147 3413 265 3487 miuus
306 3411 383 3507 ipse
419 3430 585 3499 testatur,
620 3413 763 3485 dicensr
803 3423 868 3484 Lex
893 3434 924 3485 et
943 3423 1099 3502 propheta
1126 3443 1176 3484 us·

148 3559 206 3622 pue
236 3539 279 3598 ud
304 3538 458 3607 Joannem'
484 3541 670 3621 Baptistum.
721 3530 893 3610 'Sustinet
930 3554 1015 3624 ergo
1054 3557 1175 3625 perso-

96 3695 98 3698 >
149 3671 230 3715 nam
262 3646 464 3732 vetustatis,
498 3667 533 3718 et
557 3647 775 3743 praeconium
802 3644 984 3716 nouitatis:
1027 3668 1174 3742 propter

147 3786 338 3857 personam
375 3761 556 3835 vetustatis
598 3766 650 3836 de.-
673 3763 815 3835 senibus
843 3763 1031 3847 nascitur3
1067 3790 1175 3862 prop-

190 3941 295 4020 Met·
312 3945 403 4010 nn
483 3943 566 4011 nn.
592 3925 617 4001 1]
644 3950 691 4005 ιε.
781 3944 897 4021 ptum.
921 3945 970 4011 γι.
988 3948 1016 3999 a
1033 3924 1217 4008 ,ratius

230 4029 291 4093 Jon.
316 4047 341 4082 a.
363 4046 392 4107 ¹1.
422 4029 459 4087 Ζί·
478 4029 511 4084 V.
531 4043 589 4099 pag,
614 4036 691 4098 1¹7⁶·
770 4043 779 4051 ·
