2460 4560
498 318 739 363 μ’

103 333 152 402 60
498 357 727 377 --·-·--·

103 477 355 550 uumerus
382 473 674 550 NICODEMO
702 416 807 567 <ur
835 473 867 546 s.
892 468 1109 548 ioannes
1157 424 1160 469 '

122 607 308 692 orituri
327 604 495 695 Junrnrs)
517 601 807 710 munimem,
826 603 971 681 unione
992 604 1094 671 vtro

254 729 297 787 se
318 725 425 784 mun
446 724 497 781 ur
518 722 975 803 uonrnnuururrrsmr.

102 953 188 1026 XII.
216 883 302 1022 Ex
336 949 464 1021 horum
499 944 670 1034 numero,
710 948 770 1043 qui
806 948 845 1019 in
875 947 1049 1045 parabola
1076 948 1113 1019 de

102 1070 295 1142 seminante
318 1077 497 1157 temporales
517 1072 712 1156 vocantur),
740 1078 793 1155 qui
819 1093 878 1134 non
904 1075 1019 1136 trabant
1044 1076 1115 1136 rudi-

103 1215 167 1258 cem
192 1198 224 1273 in
249 1211 280 1279 se
307 1179 366 1273 a),
406 1183 468 1277 qui
501 1181 663 1267 videntes
697 1182 792 1276 signa
823 1183 1016 1254 credidis'se
1046 1185 1115 1254 sunt

102 1301 194 1386 visi,
211 1300 339 1395 quibus
361 1304 476 1371 aitte-m
496 1298 594 1372 Jesus
611 1321 686 1370 non
710 1295 876 1371 credebat
896 1299 1115 1396 semetipsum

104 1417 170 1504 eis,
199 1443 273 1488 non
295 1435 368 1487 erat
392 1414 612 1487 Nicodemus
639 1415 749 1486 homo
782 1440 827 1485 ex
858 1414 1043 1488 Pharisaais
1061 1413 1113 1504 b),

101 1533 165 1630 qui
181 1533 281 1613 venit
301 1533 346 1604 ad
364 1533 482 1604 iesum
501 1551 607 1604 nocte
625 1550 813 1626 persuasus
833 1556 877 1602 ex
893 1531 1021 1626 signis,
1045 1555 1116 1627 qna

21 1659 63 1678 ‘'
101 1651 273 1737 faciebat,
315 1675 442 1722 cuma
471 1647 556 1720 Deo
585 1648 747 1734 venisse,
782 1648 843 1719 sed
877 1650 996 1720 adhuc
1026 1647 1118 1720 humi

23 1856 26 1869 Ι
101 1769 264 1865 serpebat
285 1767 322 1841 in
339 1766 526 1838 elementis
548 1764 634 1860 legis
662 1763 835 1836 Mosaicae
860 1765 907 1835 ad
927 1765 1055 1837 altiora
1079 1764 1118 1835 de

101 1886 224 1958 divina
243 1882 430 1978 Evangelii
452 1881 582 1953 Christi
601 1881 713 1954 Verbi
734 1880 902 1953 incarnati
923 1882 1119 1954 oeconomia

104 2002 323 2085 efferendus,
351 2025 430 2071 cum
458 2000 555 2094 quid·
574 2018 663 2070 esset
689 1997 826 2070 renasci
853 2024 928 2068 non
961 2017 1117 2096 caperet:

104 2125 271 2206 Respondit
291 2126 400 2196 Jerus:
428 2129 546 2200 Arnen,⁴
569 2143 656 2185 umen
679 2124 841 2198 dirotini,
869 2127 928 2186 nisi
947 2129 1021 2207 quir
1040 2142 1121 2187 reno·

102 2255 154 2306 tus
168 2242 273 2319 fur-rit
291 2259 330 2301 ex
351 2260 435 2322 aqua
454 2253 483 2302 et
504 2240 622 2320 Spiritu
642 2240 774 2316 Sancto,
800 2222 859 2301 noir
874 2253 981 2321 potest
997 2245 1120 2303 introire

101 2361 136 2420 in
160 2375 282 2432 regnum
304 2355 372 2425 Dei.
422 2346 474 2418 At
501 2346 722 2421 Nicodemus
743 2347 787 2417 de
810 2373 922 2442 regno
946 2346 1024 2418 Dei
1043 2374 1120 2421 cum

101 2463 231 2537 iudaeis
255 2464 371 2535 adhuc
394 2463 575 2541 carnaliter
590 2463 765 2559 sapiebat;
788 2463 884 2534 unde
903 2461 1032 2560 capere
1051 2491 1132 2536 non

102 2600 243 2678 poterat
270 2581 571 2674 regenerationem
602 2581 757 2652 filiorum
784 2579 881 2667 Dei,
916 2593 972 2672 qui
998 2610 1060 2653 non
1085 2607 1118 2653 ex

89 2708 297 2787 sanguinibus
320 2695 355 2786 c)
382 2719 447 2773 etc.
474 2709 532 2769 Sed
552 2726 590 2768 ex
618 2707 683 2768 Deo
708 2710 774 2767 nuti
789 2706 889 2785 sunt,
916 2697 1047 2791 quibus
1074 2696 1118 2769 ni·
1141 2696 1142 2699 ¹

101 2815 229 2887 mirum
249 2824 335 2884 ,dedit
350 2837 536 2904 potestatem
552 2821 637 2898 filios
660 2823 719 2885 Dei
733 2806 804 2898 fieri
821 2813 1004 2900 Verbum,
1023 2813 1118 2909 quod

101 2940 304 3019 carofuotum
318 2953 383 3018 est,
401 2954 431 3002 et
442 2942 599 3004 habitavi-t
616 2945 648 3005 in
661 2940 764 3001 nobis‘r
785 2927 898 3024 Atqui
912 2930 968 3000 hi'c
984 2950 1056 3017 est,
1069 2939 1118 3022 qui

100 3060 251 3121 descendit
268 3058 304 3118 rie
320 3040 400 3132 telo,
421 3059 517 3117 Filius
529 3058 669 3129 hominis,
688 3060 741 3138 qui
755 3069 800 3117 est
812 3059 845 3116 in
857 3057 932 3116 celo
940 3043 996 3134 ri),
1015 3071 1116 3142 quem

98 3192 137 3236 se
153 3162 532 3243 ChristusNicodemo
550 3163 792 3237 manifestavit.
821 3163 885 3233 Ett
902 3163 996 3248 haec,
1015 3188 1118 3257 quam

101 3282 269 3353 Salomon
292 3301 400 3352 vocat
413 3289 579 3367 scientium
591 3288 774 3367 sanctorum
797 3279 903 3352 Prov.
926 3278 1057 3360 XXX,
1084 3303 1116 3365 4.

100 3424 205 3493 quam
232 3424 268 3469 se
294 3397 458 3492 ignorare
478 3398 623 3468 fatetur:
643 3408 753 3491 *Quin*
773 3395 907 3493 pergit,
932 3407 1070 3467 ascendit
1088 3406 1117 3464 iu

98 3525 224 3599 tulum,
251 3536 345 3605 atque
366 3523 540 3586 descendit?
567 3508 643 3607 Quir
664 3527 814 3586 continuit
831 3523 983 3603 Spiritum
1003 3524 1037 3583 iu
1056 3537 1117 3582 mu·

83 3635 184 3704 'nibus
197 3638 297 3716 suis?
324 3641 400 3722 Quis
422 3642 581 3717 colligavit
606 3658 705 3722 aquus
730 3641 821 3720 qrruti
846 3643 879 3699 in
893 3636 1116 3700 aeramento?

97 3756 174 3838 Quis
186 3753 361 3831 suscitavit
388 3775 487 3826 onznes
509 3760 653 3829 terminos
679 3734 792 3819 terre?
829 3755 921 3840 Quod
945 3773 1054 3822 numen
1074 3762 1117 3816 est

137 3927 166 4002 u)
190 3929 287 3989 Mirm.
314 3929 397 3983 XIII.
424 3945 468 3992 21.
577 3927 606 4006 i)
627 3930 672 3998 Jr.
694 3929 753 3996 HI.
778 3947 802 3992 1.
897 3930 938 4006 ιο)
961 3927 1003 3984 lb.
1026 3929 1051 3991 1.
1077 3942 1115 3985 ιι.

183 4015 212 4086 ri)
236 4014 274 4074 lt.
299 4012 356 4072 ΙΙΙ.
383 4024 423 4080 13.
