2460 4560
766 120 776 155 Ι

256 345 327 416 218
572 330 804 383 ‘a

114 476 229 544 CAPUT
255 485 513 584 augustiorem,
548 504 684 558 tantum
713 485 831 574 abest,
863 503 905 559 ut
924 484 1112 584 unigenitus

145 598 193 658 lv·
256 603 329 678 Dei
351 597 459 676 Filius
484 604 595 705 faetus
621 604 732 675 homo
757 601 955 699 quidquam
980 607 1029 704 ‘de
1058 632 1112 691 ea,

97 712 235 781 “V“-
254 739 359 818 quarn
378 720 423 791 ab
444 738 577 792 aeterno
595 718 737 805 habuit,
757 719 853 814 apud
873 719 1035 810 Patrem,
1052 725 1114 817 glo-

250 838 303 910 ria
323 836 484 909 amiserit.
547 835 678 922 „Cum
705 831 867 908 Verbum
894 839 1113 911 carnemfac·

250 974 325 1028 turn
344 974 439 1026 ‘esse
478 951 607 1024 dixerit
642 953 661 1044 (
677 953 757 1024 sunt
785 954 897 1028 verba
932 955 967 1027 S.
1002 953 1112 1053 Cyrilli

249 1072 357 1142 Alere.
382 1067 420 1158 a)
447 1068 483 1140 in
509 1071 542 1139 h.
571 1065 638 1157 L.)
664 1069 735 1141 hoc
761 1088 814 1142 est
843 1070 1054 1159 hominem,
1086 1090 1113 1142 et

248 1190 389 1260 fratrem
410 1188 611 1271 servorum,
633 1204 738 1280 atque
757 1167 1016 1276 creaturaruin,
1038 1187 1111 1259 inte·

248 1331 347 1402 gram
385 1323 500 1374 tamen
534 1302 565 1373 ei
595 1303 709 1374 servat
737 1328 883 1399 quoque
917 1305 990 1377 hoe
1021 1323 1114 1404 pacto

128 1416 135 1441 ²
249 1422 477 1517 dignitatem,
507 1437 542 1492 et
565 1421 710 1514 plenum
725 1446 810 1492 resse
826 1419 947 1514 ‘Patris
971 1422 1112 1519 proprie·

246 1557 318 1610 tate
340 1562 458 1609 rursus
481 1535 646 1608 ostendit.
692 1536 828 1609 Natura
845 1538 985 1635 quippe
1006 1538 1111 1611 divina

247 1654 286 1726 in
311 1680 348 1725 se
374 1654 450 1750 ipsa
474 1653 594 1738 firma,
623 1671 657 1724 et
681 1652 809 1724 stabilis
832 1673 900 1740 est,
928 1681 997 1727 nec
1017 1675 1110 1726 muta-

186 1851 189 1855 ,
246 1771 382 1843 tionem
405 1749 499 1867 capit
519 1770 556 1841 in
577 1768 691 1855 aliud,
717 1771 783 1852 sed,
802 1772 993 1845 eodemne
1012 1772 1109 1845 modo

248 1890 387 1985 semper
408 1887 533 1973 habet,
560 1906 594 1958 et
613 1886 650 1956 in
668 1885 735 1959 suis
758 1877 901 1959 dotibus
922 1909 1110 1964 constanter

247 2024 377 2081 manet.
441 2004 563 2098 Itaque
594 2002 677 2075 licet
704 2003 934 2099 Evangelista
959 2005 1109 2078 Verbum
1146 2084 1149 2109 Ι

248 2146 387 2192 carnem
417 2120 547 2193 factum
574 2145 649 2190 esse
681 2119 791 2208 dieat,
819 2147 892 2191 non
925 2140 1042 2194 tamen
1069 2122 1110 2218 ip
1147 2190 1149 2195 .

245 2263 324 2309 sum
351 2234 462 2308 carnis
493 2233 752 2308 infirmitatibus
781 2237 1010 2312 succubuisse
1032 2265 1110 2312 asse·

245 2353 290 2424 rit
304 2387 321 2439 ,·
340 2378 405 2422 nec
432 2349 578 2446 pristina
602 2353 660 2424 illa
686 2354 747 2424 sua
770 2353 921 2441 virtute,
949 2375 985 2428 et
1009 2355 1108 2453 gloria

246 2468 435 2555 excidisse,
464 2494 507 2540 eo
535 2471 633 2563 quod
659 2470 836 2542 infirmum
868 2491 1052 2561 nostrum,
1080 2491 1107 2544 et

243 2585 434 2681 inglorium
463 2611 592 2681 corpus
623 2585 747 2658 induit.
823 2586 989 2661 Vidimus
1025 2589 1106 2662 enim

243 2703 391 2798 gloriam
414 2703 511 2788 eiu5‚
537 2702 671 2799 inquit,
699 2703 796 2775 omni
821 2705 935 2800 gloria
959 2708 1105 2803 superio·

242 2815 345 2906 rem,
381 2837 415 2891 et
448 2822 586 2914 qualem
621 2821 745 2892 decere
780 2819 907 2907 Filium
942 2849 989 2897 ex
1030 2823 1104 2895 Deo

242 2935 344 3008 Patre
366 2934 586 3030 unigenitum
606 2963 713 3008 nemo
731 2963 804 3007 non
826 2939 987 3011 fateatur.
1039 2925 1104 3011 Pie-

219 3063 308 3124 xnus
339 3052 432 3124 enirn
461 3071 535 3122 erat
563 3053 673 3147 gratia
710 3074 744 3125 et
776 3054 933 3127 veritate.
1000 3055 1103 3152 Siquis

242 3168 334 3240 enim
363 3168 562 3240 sanctorum
593 3170 741 3261 chorum
772 3177 1050 3266 contempletur,
1076 3189 1104 3243 et

238 3284 511 3380 uniuscuiusque
535 3313 589 3358 res
618 3306 733 3382 gestas
758 3289 977 3384 perpendat,
1013 3290 1103 3362 mira-

235 3402 332 3475 bitur
362 3402 503 3497 utique,
540 3421 576 3475 et
604 3402 743 3479 illorum
773 3405 961 3484 ¹virtutibus
994 3407 1103 3479 oblec-

190 3519 191 3527 '
236 3520 383 3608 tabitur,
407 3545 539 3615 eosque
558 3520 671 3616 gloria
688 3524 841 3616 repletos
861 3549 880 3593 a
898 3522 983 3595 Deo
1002 3525 1102 3597 fuisse

232 3637 406 3709 fatebitur.
460 3635 642 3734 Unigeniti
662 3665 750 3714 vero
774 3639 945 3734 gloriam,
974 3661 1010 3714 et
1034 3667 1102 3737 gra·

232 3750 313 3823 tiam
349 3757 449 3827 nullo
486 3756 598 3837 modo
631 3780 712 3829 cum
748 3775 955 3828 caeterorum
996 3757 1103 3854 gloria

231 3873 506 3963 comparandam
546 3898 621 3946 esse
662 3872 822 3972 theologi
861 3872 1023 3965 docent,
1064 3897 1101 3948 ac
1147 3908 1149 3917 ·

208 4041 210 4045 ·
272 4019 302 4094 a)
324 4018 388 4089 Pu·
410 4032 454 4088 rr·
541 4057 545 4064 ·
