2460 4560
259 341 331 390 210
577 303 811 369 ---''''''''·-'''-··-'''

113 464 228 525 CAPUT
260 488 361 566 petra
378 463 551 551 scandali,
575 463 613 536 in
633 489 737 560 quam
756 482 827 536 tam
848 463 1003 541 diversis
1023 465 1113 543 mods

146 583 199 641 ¹¹¹·
260 587 480 684 impegerunt
502 582 674 668 haeretici,
703 602 741 654 ut
760 582 860 654 haud
887 603 1021 659 temere
1045 587 1115 659 dica

95 699 237 757 “W’'
260 705 293 775 S.
329 699 535 796 Fulgentius
574 696 641 788 a),
685 724 810 770 omnes
843 699 1001 776 haereses
1026 702 1066 776 ad
1088 700 1119 775 id.

259 818 368 892 aetatis
404 844 425 888 a
460 815 712 892 coniunctione
746 816 898 889 duarum
934 800 1129 901 naturarum·

257 936 295 1007 in
321 934 466 1006 Christo
493 960 568 1005 esse
597 954 747 1003 exortos.
797 932 857 1004 Ex
887 935 1131 1035 antiquissimis¹

255 1078 345 1126 vero
367 1051 432 1123 illis
450 1050 617 1123 haereticis
635 1051 793 1135 luerunt,
815 1049 879 1143 qui
898 1035 961 1124 a'ut
980 1041 1119 1126 divinam

256 1169 295 1241 in
324 1167 466 1240 Christo
498 1164 677 1260 negabant
702 1185 880 1254 naturam,
923 1189 986 1242 aut
1015 1171 1112 1242 huma·
1152 1183 1155 1189 '

257 1313 360 1370 narn,
399 1283 584 1377 indignum
609 1281 810 1377 cumprimis
835 1284 923 1372 rati,
966 1287 1060 1382 quod
1077 1286 1110 1356 in

246 1410 446 1492 semetipsum
467 1408 675 1470 exinaniverit
691 1408 830 1478 sormam
844 1409 937 1489 serni
965 1416 1109 1494 acupieta,

256 1531 289 1589 in
301 1524 533 1603 stmilitudincm
553 1525 709 1588 dominum
718 1524 831 1603 factus
848 1539 880 1589 et
901 1526 1012 1592 habitu
1031 1533 1111 1592 irmen-

258 1654 309 1708 tus
334 1656 370 1705 ut
392 1643 482 1705 homo
505 1628 554 1722 b).

26 651 36 701 l

204 1258 234 1321 Ε

119 1926 121 1931 s
223 1934 226 1939 .
332 1859 435 1943 Dum
463 1880 605 1942 ee'ontra
634 1867 718 1940 nihil
749 1864 785 1940 in
813 1862 999 1967 scripturis
1029 1866 1113 1945 subli-

229 1989 347 2061 ¹tnius
378 2008 484 2083 atque
509 1987 542 2057 in
572 1987 742 2081 religione
769 1976 957 2062 christiana
990 1989 1112 2063 admira·

257 2096 379 2189 bilius,
407 2102 492 2174 nihil
515 2130 624 2198 porro
645 2102 797 2177 divinius
819 2126 891 2190 est,
930 2132 1036 2202 qnam
1057 2108 1115 2178 hacc

256 2219 330 2291 Dei
356 2220 532 2314 dignatio,
560 2240 599 2292 ut
621 2221 833 2292 assumendo
854 2223 1049 2295 humanam
1071 2247 1114 2292 na·

253 2355 366 2408 turam
407 2335 555 2407 omnino
599 2337 703 2408 nobis
743 2337 992 2412 assimilaretur
1034 2340 1114 2412 iuxta

253 2452 473 2549 Apostolum
495 2447 547 2542 c):
579 2461 726 2524 Teutanes
743 2467 927 2543 peremnia
946 2485 1010 2546 pro
1021 2463 1116 2543 fimiti-

253 2582 360 2643 tudine
386 2581 497 2660 absque
517 2591 654 2659 pemmo.
715 2570 810 2640 Rem
833 2594 925 2642 vero
950 2572 1114 2669 insigniter

251 2689 400 2760 illustrat
422 2686 454 2757 S.
477 2685 698 2780 Augustinus
721 2684 759 2774 d)
779 2687 815 2756 in
838 2688 972 2761 celebri
993 2692 1039 2763 ad
1055 2689 1115 2761 Vo-

245 2806 426 2878 lusianum
452 2802 598 2898 epistola
624 2802 857 2899 CXXXVII.
911 2805 1018 2898 Quid
1039 2812 1114 2881 vero

250 2920 440 3015 ingratius,
476 2919 561 3014 quid
587 2920 811 2992 inhumanius
839 2920 907 2992 dici
935 2944 1057 3019 potest
1079 2925 1114 2995 dc

249 3039 414 3120 homine,
436 3063 541 3122 quam
560 3037 710 3108 maxima
729 3039 796 3109 hac
819 3036 893 3109 Dei
912 3067 999 3135 erga
1016 3065 1115 3137 genus
1151 3086 1155 3167 1

249 3154 441 3224 humanum
460 3151 667 3246 dignatione
687 3175 848 3227 nontam
868 3181 906 3226 se
925 3156 1114 3261 indignum,
1152 3170 1155 3193 ¹

250 3296 355 3367 quam
381 3295 457 3340 eam
481 3261 593 3364 ipsam
616 3269 700 3345 Deo
723 3270 907 3364 indignam
935 3299 1014 3347 esse
1038 3299 1114 3347 asse·
1153 3290 1155 3301 '

247 3414 346 3474 rere,
373 3410 436 3478 qua
449 3391 496 3470 fic
516 3396 628 3458 dilexit
658 3395 737 3458 Deus
759 3398 927 3475 mundum,
956 3412 995 3462 ut
1013 3401 1114 3463 Filium

234 3515 334 3595 νΐιιιιιιι
372 3516 558 3588 rinigenirum
589 3513 677 3574 daret
707 3501 774 3592 e),
814 3503 915 3578 iuxta
957 3503 1112 3580 dilectum
1153 3518 1155 3583 j

248 3621 381 3694 Christi
415 3619 627 3715 discipulum
662 3620 847 3717 loannem.
924 3622 976 3698 Et
1009 3621 1109 3698 alibi:
1153 3710 1155 3715 Ι

287 3815 317 3891 a)
340 3819 395 3874 zia.
420 3819 451 3872 od
478 3816 669 3877 Ylasirmrndum
692 3842 772 3894 regem
794 3841 816 3878 r.
839 3835 866 3891 4.

328 3898 358 3969 d)
383 3901 479 3970 Philip.
503 3904 543 3962 11.
568 3920 594 3971 7.
689 3908 718 3982 c)
742 3906 818 3962 Har.
843 3904 896 3966 W.

333 3983 365 4055 a>
393 3982 428 4042 r.
453 3985 492 4046 rr.
514 4001 540 4057 p.
564 4003 625 4057 405.
723 3991 750 4066 e>
770 3989 823 4101 '⁰2
841 3990 898 4052 ιιι
927 3995 968 4048 ιι
