2460 4560
497 349 730 407 Ξ
1052 372 1123 454 105

170 505 267 580 Cum
289 504 444 602 primum
471 503 516 576 de
544 504 705 580 oratione
728 505 766 577 in
792 505 864 580 hoc
887 509 1047 584 sermone
1072 513 1127 584 lo·

107 623 158 722 qui
176 622 320 720 incipit,
348 623 393 694 rid
420 619 560 703 Patrem
584 625 760 701 coelestem
786 645 941 698 mentem
966 647 1123 716 nostram

106 745 212 816 elevat
237 738 444 828 obtinendae
471 737 517 817 ab
546 763 590 818 eo
616 741 789 822 mercedis
813 745 899 840 spe,
927 743 1122 846 avanitatg

101 858 190 932 illam
217 875 385 936 avertens
407 855 506 937 ,hisce
523 853 650 940 *verbis
676 853 737 944 a);
778 860 963 963 „Etcum
991 859 1129 949 oratis,

99 998 170 1048 non
192 973 286 1061 eritis
304 974 391 1052 sicut
411 970 626 1070 hypocritae,
655 974 716 1077 qui
737 997 855 1054 amant
875 976 912 1052 in
934 944 1126 1074 sy'nagogi's

94 1080 131 1166 'et
148 1092 188 1164 in
206 1090 345 1187 angulis
363 1093 557 1187 platearum
581 1089 710 1170 stantes
732 1118 852 1180 orare,
873 1114 912 1165 ut
934 1094 1123 1166 videantur

97 1189 394 1296 ab'hominibu33
423 1233 526 1286 amen
547 1206 630 1287 dico
650 1209 776 1304 vobis,
804 1232 1013 1306 receperunt
1031 1237 1124 1283 mer·

98 1328 221 1398 cedem
243 1327 351 1406 suam.
402 1324 467 1405 Tu
495 1343 630 1420 autern,
657 1351 737 1405 cum
763 1327 940 1421 oraveris,
967 1326 1057 1400 intra
1084 1328 1122 1401 in

97 1442 301 1516 cubiculum
336 1459 472 1537 tuum,
501 1461 535 1526 et
565 1445 684 1520 ⁸clauso
721 1443 841 1540 ostio,
879 1471 943 1524 ora
981 1444 1123 1532 Patrem

98 1578 196 1633 tuum
224 1560 264 1630 in
286 1559 520 1648 abscondito:
558 1577 593 1631 et
609 1559 714 1633 Pater
738 1581 844 1652 tuus,
872 1562 932 1658 qui
962 1561 1129 1635 videtin

97 1675 335 1764 abscondito,
368 1676 497 1755 reddet
525 1676 634 1753 tibi.“
701 1677 758 1751 Sic
789 1679 833 1750 de
865 1660 999 1757 ieiunio
1033 1704 1123 1751 mox

98 1819 223 1891 agens:
252 1793 350 1880 „Tu
371 1813 508 1881 autem,
536 1794 651 1888 inquit
667 1789 722 1882 b),
747 1819 827 1873 cum
844 1795 998 1881 ieiunas,
1025 1819 1122 1888 unge

99 1931 206 2009 caput
241 1929 361 1997 tuum,
400 1932 435 1983 et
462 1909 586 1982 faciem
603 1929 714 1997 ,tuam
741 1913 848 1996 lava,
899 1936 945 1987 ne
969 1909 1123 1984 videaris

98 2026 306 2108 hominibus
327 2025 508 2114 ieiunans,
535 2027 597 2099 sed
614 2025 710 2117 Patri
733 2047 814 2114 tu0,
843 2026 904 2129 qui
928 2046 982 2122 est
1005 2026 1042 2109 in
1066 2027 1128 2099 ab·

98 2138 288 2225 sconditot
315 2163 351 2220 et
372 2143 476 2246 Pater
495 2165 597 2230 tuus,
626 2144 687 2239 qui
710 2143 866 2223 videtin
891 2142 1123 2232 abscondito,

99 2263 229 2335 reddet
258 2260 366 2343 tibi,‘⁶
432 2261 508 2343 Prae
541 2260 724 2356 quibusvis
757 2260 868 2347 locis,
907 2262 969 2341 seu
1002 2261 1126 2357 figuris

97 2377 286 2465 rhetoricis
311 2379 523 2474 eloquentiae
546 2377 639 2465 vim,
667 2381 741 2451 sese
766 2377 968 2458 insinuandi
993 2378 1123 2466 animo,

96 2478 402 2591 attentionemque
424 2521 513 2577 non
545 2496 658 2577 [olum
692 2496 885 2582 movendi,
929 2496 990 2575 led
1021 2496 1126 2569 etiam

98 2618 169 2695 alte
195 2611 306 2693 menti
330 2596 476 2693 infixam
500 2611 693 2696 retinendi,
722 2612 856 2684 habent
881 2614 1050 2691 desumtae
1071 2635 1127 2686 ,ex

98 2733 208 2805 rebus
235 2728 351 2808 obviis
383 2728 621 2808 similitudines
649 2728 793 2802 Christo
815 2728 1009 2829 admodum
1029 2727 1128 2802 tani-

99 2847 225 2920 liares:
251 2844 362 2918 veluti
384 2845 441 2924 illa
460 2872 603 2917 omnem
629 2846 839 2940 eloquentiae
864 2847 1025 2919 humanae
1049 2847 1129 2919 sub·

101 2965 264 3037 tilitatem
297 2964 457 3058 superat,
494 2963 555 3035 ubi
586 2984 831 3056 argumentum
866 2964 937 3043 hoc
973 2963 1018 3034 de
1050 2989 1125 3034 non

102 3078 278 3178 captanda
302 3081 523 3175 vanunpud
553 3081 715 3155 homines
746 3079 857 3174 gloria
892 3101 926 3155 et
957 3071 1130 3156 existima-¹

103 3195 389 3283 uouendum,
425 3198 511 3268 dum
537 3197 622 3270 dicit
645 3199 690 3270 ad
716 3201 977 3292 eleemosynam
1003 3194 1130 3266 facien·

104 3336 203 3387 tem:
249 3323 320 3384 Noli
343 3324 420 3393 tuba
443 3337 640 3394 concreante
664 3337 704 3385 te.
760 3324 885 3391 Nesciat
898 3319 1028 3404 finistru
1054 3333 1128 3396 tua,

103 3442 182 3526 quid
197 3439 308 3518 saciat
335 3441 464 3502 dextera
489 3456 555 3503 rua.
625 3431 788 3501 Dextera
817 3429 854 3505 in
880 3425 1058 3523 scripturis
1089 3424 1126 3498 in

104 3551 239 3622 bonam
267 3566 423 3652 purtem,
464 3549 522 3619 hic
554 3548 598 3619 de
627 3548 728 3628 bono
756 3571 892 3640 opere,
933 3543 1067 3622 sinistra
1093 3543 1129 3626 in

104 3669 234 3738 malam
261 3685 394 3760 partem
420 3665 608 3760 accipitur,
646 3665 691 3735 de
721 3663 857 3739 sinistro
883 3660 954 3735 fine
983 3663 1020 3732 in
1052 3689 1131 3758 cap-

105 3782 216 3854 tanda
234 3806 318 3854 aura
332 3803 434 3855 vanae
456 3783 587 3885 gloriae.
653 3781 768 3862 Porro
787 3781 833 3851 stc
854 3780 1010 3876 loquitur
1032 3779 1134 3850 Chri·
1170 3811 1172 3816 ·

107 3921 183 3972 stus
209 3897 260 3989 c):
298 3950 319 3985 „
329 3898 536 3986 Attendite,
565 3927 610 3970 ne
633 3898 802 3979 iustitiam
822 3918 975 3977 vestram
999 3897 1134 3968 faciatis

149 4051 181 4128 ι)
202 4050 303 4111 murt.
329 4049 378 4107 VJ.
402 4065 429 4122 ς.
513 4051 541 4126 r)
564 4049 603 4113 u.
630 4066 671 4120 η.
761 4051 790 4125 0)
814 4049 853 4109 u.
879 4063 902 4106 ι.
1040 4054 1043 4059 ·
1154 4000 1200 4292 Ι
