2460 4560
425 324 658 411 Ξ
907 332 1012 446 ‘215ss
1048 313 1051 320 ’

80 536 208 582 vocem
225 514 357 594 fimilem
381 497 520 582 omnibus
544 519 629 578 emisi
646 517 786 600 plorans.
839 516 876 579 In
895 507 986 579 invo'
1004 496 1118 564 ΟΜΝ
1211 538 1214 544 ·

99 637 247 700 lumentis
273 636 413 699 nutritur
425 631 524 711 snm,
551 635 581 696 et
607 636 688 697 curis
714 636 857 710 mugnis:
893 652 980 696 nemo
1031 618 1080 678 W·

100 751 185 816 euim
207 769 247 813 ex
268 752 387 826 regibus
410 750 501 812 aliud
516 750 626 812 habuit
644 753 825 813 nativitatis
843 754 979 817 initium.
991 735 1131 795 *W

101 845 161 932 Sic'
182 869 273 930 homo
296 879 388 928 notus
412 867 448 929 de
465 866 590 928 muliere
609 867 695 928 brevi
715 870 824 929 vivens
847 864 980 949 ternpore

100 988 239 1068 repletur
259 985 365 1046 multis
384 986 513 1045 miseriis
539 970 600 1063 a),
625 999 712 1068 quas
737 973 839 1045 etiam
866 975 978 1047 nostri

101 1118 209 1167 causa
224 1090 378 1188 suscepit
395 1089 556 1164 Christus
570 1090 731 1162 Verbum
745 1085 976 1178 incarnatum,

98 1229 141 1284 ut
167 1230 285 1281 tamen
307 1206 344 1278 in
371 1207 450 1304 ipsa
474 1199 654 1279 nativitate
677 1206 867 1279 coelestium
894 1233 978 1302 gau·

103 1327 248 1400 diorum
267 1349 347 1410 eos,
374 1324 534 1419 quicum
557 1323 636 1420 ipso
660 1349 752 1397 vana
773 1325 875 1397 huius
894 1325 975 1396 vitae

99 1442 232 1540 gaudia
258 1467 429 1537 pompam
455 1460 490 1512 et
523 1440 669 1535 gloriam
696 1441 899 1538 despecturi
926 1467 978 1513 es·
1052 1459 1056 1467 ’

101 1581 205 1646 sent,
240 1558 405 1630 redderet
435 1557 599 1629 certiores
630 1573 684 1649 qui
716 1573 796 1630 inter
826 1568 977 1630 animalia
1057 1568 1060 1572 ’

98 1688 219 1764 editus,
243 1685 281 1746 ab
304 1683 417 1787 angeris
438 1683 640 1745 nunciabatur
659 1671 716 1761 b),
738 1693 777 1744 ut
798 1674 888 1744 iuter
910 1673 977 1746 alia

98 1790 308 1866 Hormisdas
331 1790 370 1862 P.
392 1790 454 1861 M.
477 1788 560 1860 Saec.
584 1788 648 1861 VI.
675 1813 748 1883 quo
776 1789 886 1859 Rom.
909 1788 977 1858 Irn-

52 1894 60 1899 “
99 1909 242 2010 perium
261 1933 397 1980 novum
415 1905 641 2001 splendorem
664 1905 841 1999 accepisse
859 1886 982 1977 visum!

100 2046 172 2113 est,
187 2023 325 2097 Justino
337 2023 505 2116 Augusto
520 2020 726 2117 Imperatori
741 2021 975 2092 differentiam

100 2144 150 2217 ob
169 2144 294 2214 oculos
313 2139 417 2237 ponit
431 2137 523 2210 inter
545 2139 692 2234 gloriam
717 2163 837 2233 regum
862 2159 973 2226 terrae,

99 2280 136 2332 et
166 2257 300 2330 Christi
330 2255 421 2351 regis
456 2259 649 2343 coelorum,
689 2280 794 2350 quam
826 2256 870 2335 ab
897 2255 976 2352 ipsa

96 2403 187 2450 mox
218 2373 396 2447 nativitate
428 2375 488 2446 sua
526 2373 742 2447 exhibuerat.
815 2425 838 2459 „
858 2372 974 2460 Nam,

97 2495 181 2567 sunt
203 2490 402 2562 Hormisdae
427 2488 473 2560 P(
492 2489 621 2574 verba,
648 2488 763 2560 iacens
789 2490 825 2561 in
850 2515 976 2586 praese·

94 2611 181 2708 pio,
202 2607 389 2680 videbatur
414 2605 450 2674 in
477 2609 589 2692 coelo,
616 2605 798 2677 involutus
825 2606 976 2702 pannis„

98 2725 315 2799 adorabatur
339 2750 359 2795 a
384 2720 513 2816 magis,
539 2722 630 2793 inter
656 2721 817 2794 animalia
842 2722 974 2810 edituo,

73 2842 144 2929 ⁹ab
171 2840 304 2936 angelis
325 2837 569 2925 nuntiabatur,
595 2836 657 2909 vix
682 2864 842 2933 egressus
865 2840 977 2911 infan-

52 3022 66 3033 .
98 2960 207 3046 tiam,
246 2977 281 3030 et
315 2955 527 3028 annuntians
558 2954 741 3051 mysticam
780 2957 851 3029 fine
881 2957 978 3029 insti.

96 3094 221 3150 tuente
261 3073 479 3158 doctrinam,
517 3060 607 3148 int'er
637 3074 837 3147 rudimenta
867 3102 977 3148 anno
1079 3074 1085 3085 ’

96 3219 177 3265 rum
193 3188 378 3288 puerilium
398 3190 506 3261 edens
521 3190 671 3267 coelestia
685 3192 781 3287 figna
793 3194 975 3267 virtutum.
1024 3180 1026 3184 Α

98 3310 200 3381 ldern
234 3307 327 3379 enim
354 3305 458 3377 Deus
495 3327 530 3378 et
559 3308 694 3394 homa,
729 3337 803 3380 non
839 3310 906 3402 (ut
932 3310 977 3380 ab

95 3424 302 3500 infidelibus
318 3419 471 3511 dicitur)
490 3424 553 3494 sub
566 3445 697 3518 quartae
712 3424 978 3496 introductione
1080 3408 1083 3414 ”

95 3566 281 3641 personae:
301 3540 361 3611 sed
372 3540 455 3636 ipse
470 3539 544 3618 Dei
563 3540 671 3612 Filius
687 3540 790 3612 Deus
808 3561 843 3611 et
856 3541 978 3629 hom03

94 3659 136 3731 id
169 3677 244 3743 est,
281 3656 391 3730 virtus
427 3676 462 3727 et
490 3657 696 3745 iufirmitas,
738 3657 911 3729 humilitas
942 3678 977 3730 et

95 3778 281 3860 maiestas,
315 3773 492 3846 redimens
523 3795 558 3846 et
587 3776 773 3861 venditus,
810 3776 846 3850 in
875 3802 977 3859 cruce

94 3893 262 3998 positus,
291 3911 326 3962 et
351 3891 430 3962 coeli
448 3917 558 3987 regna
580 3893 746 3989 largitus;
775 3893 821 3966 ita
849 3916 977 3966 nostrae

137 4044 169 4120 a)
184 4042 245 4110 lor.
260 4040 375 4098 XIV.1.
439 4039 470 4116 b)
484 4043 557 4115 Apud
569 4044 642 4105 [aaa.
665 4045 695 4100 Τ.
711 4045 763 4106 IV.
784 4012 887 4117 Conari
902 4056 978 4112 1553.
