2454 4552
431 319 662 378 *Ι
465 358 468 363 .

912 355 983 423 3ι9
1085 399 1087 403 ,

106 477 269 550 desertor
291 473 428 547 invitas.
441 477 463 507 ‘⁸
512 476 587 547 Jam
606 503 694 549 vero
715 498 839 575 aperto
857 480 983 554 Marte
1015 466 1129 541 cmlv

106 619 189 667 cum
224 611 396 664 tentatore
421 592 517 686 agit,
558 595 636 688 quis
667 616 760 668 'esset
792 595 825 668 ei
855 597 984 694 expro-
1035 597 1098 657 XX·
1176 638 1181 665 r

104 711 223 783 brana.
293 720 375 782 Vade
393 717 538 797 satana,
575 718 741 783 Dominum
765 722 871 788 Deum
897 739 984 787 tuum
998 701 1139 783 “W

106 837 278 932 adorabis,
318 836 428 897 er-illi
447 835 513 913 stili
541 835 671 914 sternier.
738 827 984 914 ,·,Denudana
1037 907 1039 911 .

107 967 212 1044 eum,
249 945 330 1014 sunt
356 942 466 1014 verba
499 941 530 1012 S.
563 942 688 1014 Irenaei
717 940 777 1033 o),
814 950 983 1042 per‘hoc
1060 954 1063 962 ’

108 1081 259 1145 nomen,
288 1078 322 1129 et
348 1083 385 1130 se
415 1059 607 1131 ostendens
634 1059 697 1156 qui
724 1079 805 1135 erat.
858 1063 984 1148 Satana

107 1160 202 1247 enim
220 1175 370 1249 verbum
392 1175 628 1263 Hebraicum,
656 1199 854 1272 apostatam
881 1181 984 1277 signi·

78 1293 198 1387 ³licat.
249 1291 309 1364 'Et
343 1292 446 1364 tertio
480 1291 597 1389 itaque
627 1293 774 1367 vincens
800 1323 902 1386 eum,
934 1301 981 1372 de

104 1409 243 1504 reliquo
264 1409 395 1504 repulit
418 1436 438 1481 a
462 1410 672 1507 semetipso,
695 1410 802 1508 'quasi
826 1413 985 1512 legitime

82 1527 262 1602 ·'victum:
302 1545 338 1597 et
370 1527 483 1598 soluta
513 1546 567 1598 est
595 1553 657 1614 ea,
693 1554 772 1624 quae
801 1531 981 1605 fuerat’in
1081 1520 1085 1525 ¹

103 1641 225 1714 Adam
247 1641 416 1738 praecepti
432 1642 506 1715 Dei
529 1645 788 1739 praevaricatio,
807 1674 871 1744 per
895 1674 984 1746 prae-

102 1780 251 1856 ceptum
273 1758 376 1852 legis,
404 1759 503 1852 quod
524 1761 677 1833 servavit
697 1761 790 1833 filius
814 1763 984 1853 hominis,

93 1902 180 1949 ‘non
203 1874 462 1970 transgrediens
493 1896 711 1972 praeceptum
736 1877 819 1949 Dei:
832 1881 853 1911 “
903 1880 982 1952 Noa

98 1992 158 2065 bis
193 2018 322 2087 nempe
350 1991 386 2062 in
415 1997 618 2089 exemplum
636 1997 684 2066 ac
715 1993 845 2081 robur,
880 1998 982 2092 quod
1095 2021 1099 2030 ·

96 2111 164 2182 sua
185 2107 334 2180 victoria
357 2108 519 2181 Christus
541 2107 684 2214 praestat
702 2111 748 2182 ad
764 2113 983 2208 superandas

97 2250 335 2323 quascunque
366 2225 557 2300 diabolicas
591 2226 803 2302 tentationes
835 2248 870 2302 et
901 2230 1014 2304 insic'

98 2343 197 2428 dias3
217 2342 314 2438 quod
333 2342 448 2438 ipsum
469 2344 602 2416 eumin
621 2347 780 2419 oratione
800 2347 982 2422 dominica

96 2469 289 2556 rogamus,
317 2485 361 2530 ne
391 2485 456 2532 nos
483 2459 628 2533 inducat
656 2460 694 2532 in
724 2464 982 2552 tentationem,

92 2573 159 2656 sed
179 2576 305 2650 liberet
322 2601 388 2648 nos
410 2565 566 2664 amam,
583 2579 653 2649 hoc
673 2597 744 2665 est,
769 2605 789 2650 a
812 2580 983 2668 diab010;
1072 2562 1075 2581 ⁶

95 2723 209 2796 quarn
234 2695 284 2767 ob
302 2720 396 2780 rem,
425 2714 465 2766 ut
485 2694 594 2769 {ortes
615 2694 775 2767 'resistere
795 2719 983 2793 possemus

96 2835 208 2910 atque
236 2839 257 2884 a
279 2811 414 2886 diaboli
433 2809 600 2883 servitute
626 2812 861 2912 eriperemur,
885 2815 981 2886 hano

98 2920 218 3005 nostri
250 2956 354 3003 causa
379 2955 534 3026 pugnam
557 2927 635 3000 iniit
666 2948 702 3000 et
728 2928 913 3003 victoriam
941 2932 981 3003 in

81 3038 241 3122 ”hostem
270 3047 483 3143 reportavir;
510 3067 615 3142 atque
639 3067 679 3120 ut
697 3045 871 3142 intrepide
898 3063 982 3119 curn

96 3166 207 3263 ips0,
243 3157 277 3236 ei
304 3163 341 3235 in
371 3162 450 3260 ipso
480 3161 598 3234 dicere
618 3163 661 3234 ‘ei
691 3163 840 3235 tentanti
871 3163 981 3259 possi

96 3300 203 3355 'musz
237 3291 325 3352 Vada
336 3288 468 3368 sorana.
521 3278 635 3365 „Nos
661 3304 748 3351 vero
773 3277 981 3369 Dominus,

99 3398 301 3470 monachos
327 3398 408 3469 suos
436 3394 627 3489 alloquitur
654 3393 685 3464 S.
714 3393 894 3465 Antonius
920 3393 982 3482 b),

99 3535 179 3587 non
197 3513 274 3587 srvit
297 3539 317 3585 a
337 3511 483 3584 diabolo
507 3508 773 3594 circumveniri,
796 3533 875 3582 cum
896 3511 983 3580 limi·
1051 3547 1054 3553 Δ

98 3630 194 3704 libus
217 3610 409 3725 phantasiis¹
438 3656 474 3700 se
495 3628 758 3724 aggredientem
785 3624 984 3722 increpavit
1080 3714 1082 3719 Ι

98 3746 156 3820 his
174 3745 310 3818 verbis:
341 3741 423 3817 Vade
440 3766 522 3817 retro
538 3753 736 3832 mesorana:
763 3746 982 3832 Scriptumzest

97 3877 201 3937 duim:
224 3870 389 3932 Dominum
408 3871 506 3933 Deum
520 3882 608 3934 tuum
626 3869 791 3945 adorabis,
811 3879 841 3930 et
860 3869 905 3930 idi
917 3867 985 3949 soli

101 3962 174 4090 ia)
188 4012 245 4072 Bt.
264 4010 298 4077 V·
310 4030 333 4070 c.
350 4027 391 4068 ar.
404 4024 431 4082 p.
446 4012 507 4083 εις.
564 4013 594 4088 l)
613 4012 643 4074 Τ.
658 4009 709 4070 IV.
725 4010 792 4071 ant
805 4009 864 4071 FP.
876 4024 902 4082 p.
920 3956 1000 4078 647.Ι
