2460 4560
454 334 687 403 'zzz
997 403 1001 412 ,
1057 383 1081 453 9

48 502 253 577 hominum.
272 507 296 545 “
362 497 490 603 Apud
514 502 709 576 Gnosticos
745 503 848 577 etlam
881 498 950 592 zon*
984 507 1080 595 vita,

56 622 127 703 Φῶς
147 626 212 693 lux
235 623 326 693 inter
347 628 488 693 aeonum
516 621 780 716 reputabantur
798 623 961 712 ordines,
992 625 1079 698 Deo

16 720 21 727 ⁸
55 738 241 810 inferiores
259 740 320 810 seu
337 738 576 810 emanationes
587 749 752 827 mutuas;
776 740 808 812 S.
823 742 1007 813 loannes
992 767 1080 815 vero

56 854 272 926 haecomnia
291 854 327 924 in
347 881 418 926 una
435 854 535 927 verbi
553 855 761 951 hypostasi
752 884 939 961 ipsumque
958 857 1082 932 Deum
1108 913 1117 930 .

57 997 136 1042 esse
159 956 347 1042 asseverat.
399 972 477 1058 „ln
499 974 637 1043 mundo
665 994 756 1061 erat,
784 996 818 1054 et
840 975 995 1047 mundus
1019 1003 1084 1072 per

57 1087 178 1183 ipsum
206 1089 315 1160 factus
339 1108 413 1175 est,
450 1108 483 1159 et
511 1089 667 1160 mundus
695 1115 775 1160 eum
801 1119 875 1163 non
898 1093 1083 1187 cognovit.

56 1204 141 1277 Lux
168 1204 206 1273 in
232 1205 384 1276 tenebris
411 1209 505 1277 lucet
521 1212 545 1262 ·'·
563 1186 870 1300 resplendentibus
887 1210 1002 1281 -radiis
1035 1210 1086 1279 di-

56 1320 214 1393 tinitatis
239 1321 275 1392 in
302 1322 468 1416 operibus
496 1341 652 1409 naturae,
684 1324 934 1418 providentiae
951 1348 985 1397 et
1008 1352 1084 1420 gra-

56 1438 139 1523 tiae,
179 1479 206 1537 -f
251 1456 285 1507 et
326 1440 477 1539 tenebrae
506 1465 581 1510 eam
610 1467 684 1519 non
713 1440 1083 1545 comprehenderunt,

56 1553 268 1650 philosophi
293 1575 445 1626 excaecat
448 1556 457 1625 i
479 1554 515 1624 i'n
544 1557 711 1651 operibus
732 1577 885 1644 naturae,
914 1577 949 1629 et
966 1559 1086 1653 provi-

59 1671 213 1755 dentiae3
241 1671 386 1742 ludaei
376 1699 412 1742 m
437 1671 603 1767 operibus
632 1673 749 1766 gratiae
774 1675 900 1743 frustra
921 1675 1082 1746 missoS.

57 1790 197 1861 loanne
220 1792 436 1883 praecursore
458 1787 632 1873 Domini,
670 1808 710 1858 ut
737 1787 975 1858 testimonium
1008 1815 1085 1885 per·

57 1906 199 1976 biberet
212 1906 256 1976 de
271 1906 424 1990 lumine,
444 1924 484 1975 ut
498 1930 622 1974 omnes
638 1904 823 1974 crederent
835 1929 898 1999 per
917 1904 1034 1975 illum.
1051 1963 1059 1978 .
1075 1961 1084 1978 .

56 2023 101 2093 In
126 2023 268 2119 propria
290 2020 407 2108 venit,
436 2040 470 2091 et
490 2020 559 2106 sui,
579 2064 604 2078 κ
622 2019 733 2091 ludaei
756 2020 915 2092 nimirum
935 2021 1086 2117 peculia·

59 2138 116 2209 ris·
134 2138 207 2209 De'i
239 2141 395 2235 populus
433 2153 463 2194 -’
492 2165 571 2208 eum
597 2164 671 2208 non
700 2159 918 2234 receperunt.
983 2139 1087 2232 Quot

58 2236 150 2350 quot
171 2277 287 2327 autem
305 2276 516 2350 receperunt
540 2280 619 2326 eum
637 2300 663 2317 ··
684 2255 755 2326 five
780 2282 824 2325 ex
846 2255 994 2342 ludaeis,
1013 2257 1085 2327 sive

59 2372 140 2444 aliis*
161 2372 320 2466 undique
344 2371 585 2466 gentibus,>--
609 2371 708 2442 dedit
735 2372 782 2442 eis
810 2392 1021 2466 potestatem
1048 2372 1087 2442 fi·

56 2491 126 2562 lios
154 2487 228 2558 Dei
251 2489 349 2574 fieri,
377 2488 451 2574 his,
480 2488 541 2582 qui
568 2489 718 2558 credunt
745 2489 782 2557 in
812 2489 1084 2573 nomineeius,

55 2607 223 2702 quinon
250 2631 294 2675 ex
320 2604 572 2698 sanguinibus,
599 2629 716 2698 neque
744 2613 788 2674 esi
808 2608 993 2675 voluntate
1017 2603 1087 2674 car:

57 2723 136 2808 nis,
166 2747 282 2816 neque
306 2747 351 2791 ex
380 2725 564 2792 voluntate
584 2719 672 2806 viri,
691 2762 718 2777 -·
744 2724 865 2814 quales
885 2746 921 2790 se
943 2720 1085 2791 ludaeos

59 2837 303 2934 gloriabantur
330 2864 375 2909 ex
395 2837 739 2909 femine'Abraham
763 2838 955 2937 oriundos,
982 2838 1042 2907 sed
1063 2881 1088 2899 η
1124 2821 1129 2827 ’

59 2979 106 3026 ex
139 2953 225 3024 Deo
257 2954 330 3026 nati
350 2957 448 3040 funt,
470 2996 496 3010 ·-
523 2979 585 3048 per
609 2951 806 3039 Christum,
836 2955 897 3048 qui
924 2973 975 3024 est
1000 2953 1087 3024 Ver·

57 3072 145 3142 bum
177 3096 258 3141 caro
288 3070 570 3164 factum-*quod
587 3113 613 3124 --
635 3068 807 3141 habitavit
835 3069 870 3139 in
900 3070 1029 3167 nobis,
1053 3089 1089 3142 et

60 3186 214 3259 vidimus
245 3188 394 3282 gloriam
427 3188 518 3282 eius,
555 3185 702 3279 gloriam
733 3186 833 3280 quasi
865 3167 1036 3281 unigeniti
1067 3213 1088 3258 a

59 3303 165 3375 Patre
191 3308 339 3400 plenum
366 3305 484 3398 gratiae
510 3312 546 3374 'et
570 3303 737 3375 veritatis.
758 3306 779 3340 “
841 3301 923 3374 Huc
951 3327 1086 3375 mentes

57 3424 197 3494 nostras
226 3401 373 3492 efferens
404 3420 453 3491 D.
477 3419 607 3491 Paulus
628 3418 739 3490 Hebe.
763 3419 828 3521 lli.
860 3444 887 3490 r.
914 3439 999 3504 ete,
1041 3422 1087 3491 ad

58 3539 146 3611 novi
177 3539 374 3609 testamenti
409 3560 480 3632 prae
507 3536 619 3606 veteri
652 3533 888 3632 praestantiam
917 3534 1088 3608 divinam-

58 3683 130 3751 que
155 3653 343 3749 Evangelii
373 3653 504 3724 Christi
524 3651 637 3723 Verbi
657 3645 829 3723 incarnati
852 3644 1086 3724 oeconomiam

59 3773 109 3843 ob
145 3775 271 3844 oculos
306 3771 538 3866 ponendam,
582 3794 650 3840 nos
685 3769 839 3840 eiusdem
873 3770 1086 3866 participes,

56 3941 79 3976 „
108 3889 254 3959 Fratres·
293 3887 424 3971 sancti,
483 3887 629 3974 affatur,
689 3888 887 3960 vocationis
938 3886 1088 3956 coelestis

59 4006 269 4103 participes,
307 4006 527 4077 considerate
556 4008 782 4102 apostolum,
818 4025 854 4087 et
879 4002 1085 4097 pontificem
