2460 4560
78 488 163 563 siem
174 494 389 578 scandulum,
411 495 552 581 gentibus
576 506 680 556 nutem
693 490 890 572 stultitiam
924 485 1005 579 ipsis'
1020 512 1125 565 autem

78 617 221 680 vocatis
249 613 383 701 Jhdaeis,
411 622 505 694 atque
538 606 661 687 Gratis,
698 612 851 674 Christum
875 614 934 675 Dei
955 619 1134 698 virtutem,

86 743 125 796 ct
150 710 214 793 Dei
223 729 431 812 sapientiam.
491 717 633 810 Quibus
655 711 820 792 nimirum
847 709 967 792 <iatum
993 744 1061 810 est,
1088 749 1126 799 ut
1154 734 1157 741 '

86 852 219 933 possint
242 834 716 934 magnitudinem'bonitatis'
741 835 836 924 Dei,
873 863 913 909 ac
938 840 1126 914 sublimita·
1159 905 1169 910 ,,

95 975 171 1030 tem
193 954 325 1027 Christi
346 955 383 1026 in
406 945 558 1026 maxima
585 945 781 1024 humiiitate
811 952 923 1048 (dum
944 967 1127 1047 humiliavit

80 1081 291 1163 fimetipsum
314 1081 427 1167 factus
451 1075 589 1142 obediens*
614 1087 713 1162 usque
740 1071 785 1141 ad
808 1091 957 1159 mortem,
996 1096 1125 1147 mortem

96 1211 203 1263 nutem
236 1185 360 1278 crucis)
395 1165 642 1279 comprehendere
673 1187 774 1261 iuxta
801 1189 955 1261 eundem
982 1179 1141 1288 aposto-⁸

100 1307 173 1381 lum
194 1305 290 1403 Ephs
317 1296 379 1378 Ill}
411 1311 467 1382 180
494 1322 563 1377 cum
588 1315 726 1377 omnibus
740 1314 884 1395 sanctis,
907 1335 974 1408 ‘qun
988 1315 1034 1396 fit
1053 1321 1126 1382 Iati-

101 1435 197 1510 tudo,
224 1445 256 1496 et
276 1430 434 1510 longitudo
446 1462 458 1500 φ
488 1434 519 1493 ei
532 1430 712 1510 sublimitas
742 1437 773 1495 ei
790 1434 992 1516 profundum.
1043 1438 1127 1503 Scire

103 1552 195 1613 etiam
208 1549 485 1631 supereminentem
501 1540 638 1620 scientie
667 1551 853 1613 charitatem
883 1552 1020 1631 Christi,
1053 1571 1125 1642 qua

104 1657 269 1730 maiorem
292 1681 399 1728 nemo
416 1655 548 1745 habet,
579 1681 687 1757 quam
709 1675 749 1730 ut
771 1657 922 1731 animam
944 1662 1042 1733 fuam
1060 1689 1126 1761 pos
1176 1730 1179 1735 ,

103 1794 162 1849 nat
181 1795 249 1872 pro
270 1772 390 1846 amicis
416 1772 496 1847 suist
990 1780 992 1786 '

175 2001 356 2082 Absoluta
382 1995 490 2103 igitur
519 1991 682 2080 oratione
703 2023 821 2080 narrat
842 2006 875 2080 S.
899 1996 1054 2083 ioannes
1073 1996 1124 2103 a),

104 2127 422 2223 egressumiesum
448 2142 756 2218 transtorrentem
785 2124 931 2198 Cedron
956 2153 1036 2199 cum
1058 2129 1126 2203 dis·
1214 2135 1217 2141 '

101 2242 230 2339 cipulis¹
253 2241 345 2337 suis,
369 2242 432 2315 ubi
458 2261 531 2314 erat
554 2237 704 2329 hortus,
743 2243 926 2338 praeteritis
950 2243 1029 2331 iis,
1044 2272 1123 2342 quae

100 2359 226 2456 reliqui
253 2346 490 2456 Eiicingelist'ae
518 2361 564 2432 de
590 2360 720 2456 agonia
747 2351 879 2432 Christi
906 2361 1124 2457 perhibent,

98 2478 236 2575 quippe
260 2477 317 2550 cui
337 2477 563 2575 propositum
576 2497 672 2562 erat,
699 2475 750 2549 uti
772 2477 876 2550 initio
897 2479 1008 2551 statim
1028 2500 1126 2553 nota-

99 2595 241 2682 vimus,-
280 2612 404 2667 contra
432 2587 617 2681 haereticos
651 2590 874 2665 Judaizantes
905 2586 1125 2669 diuinitatem
1199 2658 1203 2673 ,

100 2711 255 2797 Christi,
284 2711 520 2784 oeconomiam
540 2736 671 2806 nempe
698 2709 854 2783 divinam
876 2709 988 2782 Verbi
1016 2711 1128 2785 incar·
1181 2788 1185 2795 ,

99 2828 177 2902 nati
205 2848 457 2924 repraesentare
479 2825 542 2917 b),
580 2838 670 2908 Jesut
694 2840 823 2919 itaque,
859 2817 997 2923 inquit,
1023 2836 1126 2916 sciens

98 2956 224 3032 omnia,
251 2973 315 3037 qun
336 2966 470 3017 ventura
489 2950 687 3035 crant'super
706 2973 792 3031 eum,
819 2945 1014 3041 processit,
1043 2972 1126 3018 eum

98 3061 208 3137 nobis
242 3053 475 3151 omniscium,
513 3081 701 3157 rerumque
730 3063 927 3135 futurarum
964 3062 1124 3134 omnium

99 3178 289 3278 praescium
313 3178 457 3266 fistens,
481 3196 591 3274 prout
609 3178 727 3275 ipsum
749 3179 912 3276 proxime
936 3198 1016 3251 ante
1033 3178 1126 3252 hanc

99 3296 302 3397 orationem
336 3288 516 3394 discipulis
553 3295 760 3391 praedixisse
795 3295 889 3366 idem
926 3281 1125 3382 memorat,

97 3414 203 3510 quod
231 3439 319 3486 mox
348 3413 386 3484 in
411 3414 518 3485 hortu
548 3412 680 3484 factum
706 3410 813 3492 fuito·
848 3402 991 3480 Diserte
1021 3412 1125 3483 etiam

96 3557 174 3630 prae
194 3531 326 3605 caeteris
349 3531 381 3604 S.
404 3531 559 3604 Joannes
586 3529 624 3598 iri
642 3550 743 3599 coena
763 3521 1005 3623 proditionem·
1025 3527 1124 3603 Judae

99 3669 260 3738 enarrat,
296 3646 485 3724 aChristo
515 3643 578 3718 fibi
605 3640 709 3742 super'
736 3661 859 3742 pectus
889 3643 963 3716 eius
991 3673 1127 3720 recum·

97 3767 203 3844 beuti
230 3757 448 3863 lingulariter
471 3757 737 3838 manifestatam.
789 3762 870 3858 Ipse
894 3787 1003 3856 porro
1024 3763 1127 3835 ioan·

100 3913 166 3961 nes
197 3911 279 3960 cum
304 3883 413 3960 Petro
439 3883 565 3958 missus
591 3885 705 3968 fuerat
732 3878 773 3954 in
799 3879 976 3958 civitatem·
1002 3880 1047 3953 ad
1069 3906 1127 3979 pa·

129 4036 175 4115 ·c)
195 4035 242 4111 lo·
265 4034 389 4101 xtur.
414 4050 439 4095 1.
485 4019 489 4026 ’
544 4032 687 4112 i)li.4·
754 4057 757 4062 ·
