2460 4560
374 329 667 407 =·*··
914 360 987 430 em
1098 404 1107 413 .

106 491 156 562 ad
183 493 408 586 exemplum,
436 507 477 559 ut
503 486 676 560 discamus
699 491 833 561 nullum
855 489 987 574 locum,
1011 479 1124 544 ΕΔΜ

103 633 199 703 opus
223 626 284 679 aut
309 588 507 678 institutum
533 624 603 676 tam
629 605 728 708 pium
753 608 985 696 etiamtum,
1037 601 1101 656 XX.
1207 597 1211 614 ‚

99 749 178 819 quo
205 749 243 794 se
270 723 443 818 malignus
465 723 562 799 satan
587 747 661 793 non
685 722 847 804 insinuet,
998 716 1141 776 “V“

168 838 345 936 Nuspiam
358 841 395 910 in
409 837 606 942 Evangelio
621 838 809 940 sublimitas
823 841 860 918 in
872 840 986 911 humi-

98 956 200 1030 litate
225 955 357 1028 Christi
376 982 413 1034 se
434 954 555 1052 prodit
571 955 742 1051 apertius,
774 982 880 1051 quam
903 958 981 1044 hic,

100 1075 191 1146 dum
214 1099 289 1145 non
317 1076 429 1146 solum
457 1091 556 1152 extra
585 1071 835 1152 commercium
862 1074 983 1145 huma·

101 1215 191 1260 num
209 1216 290 1261 cum
315 1189 436 1262 bestiis
460 1215 536 1261 esse
563 1189 707 1277 dicitur,
731 1190 980 1263 verumetiam

102 1305 252 1377 diabolo
263 1305 406 1383 inimico
417 1291 698 1385 irreconciliabili
709 1308 914 1388 tentandum
925 1308 984 1378 sae·

103 1423 203 1518 pius,
228 1426 418 1502 enormiter
441 1415 679 1511 tractandum,
706 1411 848 1519 tamque
865 1414 993 1501 viliter·
1024 1403 1027 1414 ¹
1060 1431 1085 1491 ,’

104 1539 325 1610 abutendum
340 1566 376 1610 se
390 1539 548 1616 comittit.
579 1540 690 1638 Quod
708 1531 800 1620 enim
816 1541 872 1612 hic
887 1567 993 1616 com-J

100 1656 239 1751 pendio
260 1656 345 1744 dicit
361 1655 393 1735 8.,
411 1657 562 1735 Marcus
578 1657 621 1736 de
640 1641 832 1736 tentatione
848 1656 983 1749 Christi

99 1772 137 1842 in
155 1772 312 1858 deserto,
334 1770 538 1852 articulatim
557 1771 980 1867 explicantEvangelist'ae

102 1889 241 1960 Matth.
256 1888 319 1969 IV,
339 1888 469 1987 etLuc.
485 1887 548 1967 IV.¹
562 1913 666 1982 quam
680 1913 766 1966 veto
781 1888 813 1959 S.
826 1888 981 1966 Joannes

77 2084 89 2103 „
103 2004 243 2102 silentio
262 2005 401 2102 penitus
412 2004 584 2102 praeterit,
630 2004 713 2105 Qua
733 1992 833 2077 dere
856 2005 981 2106 Orige-

56 2104 75 2118 ‘
103 2119 241 2215 nese),
262 2122 465 2224 „scriptura
475 2116 630 2208 sensum,
645 2123 775 2221 inquit,
796 2122 999 2223 diligenter
1020 2178 1022 2183 ,

103 2239 318 2336 eventilans,
341 2264 422 2316 reor
439 2237 599 2319 invenire
618 2266 674 2311 me
694 2222 829 2313 causam
841 2297 854 2329 ,Ἰ
873 2265 982 2336 quare

103 2354 261 2426 Joannes
280 2354 509 2435 tentationem
528 2353 679 2435 Domini
696 2382 770 2429 non
792 2356 984 2455 descripse-¹

100 2472 162 2544 rit:
182 2472 243 2542 sed
257 2490 392 2551 tantum
403 2457 618 2572 Matthaeus,
631 2473 761 2557 Lucas,
777 2463 983 2554 e'tMareus,
998 2478 1000 2489 '

105 2588 264 2680 ioannes
291 2587 403 2675 enim,
425 2588 488 2683 qui
505 2614 525 2659 a
543 2587 628 2670 Deo
648 2588 835 2671 exordium¹
855 2590 984 2672 {ecerat

103 2705 246 2779 dicens:
275 2715 312 2783 In
324 2716 480 2795 principio
497 2726 565 2781 erot
584 2715 710 2786 Verbum
724 2727 779 2783 etc„
803 2730 868 2785 nec
885 2724 984 2801 pote·

103 2841 160 2893 rat
181 2820 310 2897 divinae
328 2820 568 2916 generationis.
584 2821 744 2900 ordinem
764 2841 903 2914 texere,
922 2822 984 2894 sed

101 2915 322 3014 tantumodo
340 2939 439 3034 quod
459 2964 503 3010 ex
519 2937 606 3015 Deo
622 2958 657 3018 et
674 2965 757 3019 cum
773 2937 859 3016 Deo
879 2940 982 3026 esset,

103 3074 350 3152 expresserat,
374 3054 522 3135 adiecit:¹
547 3067 589 3128 Et
617 3066 744 3133 Verbum
767 3084 839 3126 coro
854 3065 985 3147 saetam

57 3246 62 3260 ,
99 3193 157 3244 est.
209 3171 325 3248 Porro
350 3171 433 3267 quia
466 3170 568 3250 Deus
592 3173 718 3246 tentari
744 3200 816 3264 non
847 3192 984 3268 potest,¹

98 3289 147 3362 de
178 3315 253 3386 quo
280 3289 311 3368 ei
338 3307 411 3363 erat
442 3290 577 3372 sermo,
615 3289 697 3360 ideo
727 3289 853 3360 tentari
882 3290 983 3366 illum

98 3433 122 3479 a
150 3405 300 3477 diabolo.
313 3431 395 3500 non
419 3405 622 3483 introducit.
637 3407 659 3446 “·

180 3521 427 3617 Antiquissimi
457 3520 587 3616 quique
620 3521 674 3593 SS.
707 3521 778 3603 PP,
809 3520 983 3597 rationem

99 3660 138 3712 et
170 3639 311 3717 schema
346 3639 548 3718 tentationis
581 3639 714 3719 Christi
750 3665 815 3719 ceu
851 3637 984 3708 Adami

95 3754 249 3830 secundi
274 3755 526 3837 intentatione
549 3755 682 3836 Adami
702 3755 806 3853 primi
831 3753 868 3826 in
888 3781 985 3852 para·

95 3872 179 3944 diso
210 3892 382 3966 quaerunt.
458 3873 489 3944 S.
520 3874 674 3972 Justinus
705 3874 765 3945 M.
793 3890 983 3971 postquam
1103 3911 1118 3969 ‚j

138 4025 186 4114 (ιχ
194 4023 289 4089 1102th
312 3998 425 4083 ‘xxix'
447 4027 474 4080 u
496 4025 557 4084 tue.
587 4026 617 4082 T.
644 4026 699 4093 ιιι.
726 4040 750 4106 p.
777 4029 837 4094 967.
1052 3996 1053 3999 ¹

757 4344 769 4378 ἱ
