2460 4560
421 347 653 367 —n-——n--u

904 345 973 411 333

95 468 177 568 typi
196 466 235 540 in
253 467 552 564 praedicatoribus.
603 472 636 543 S.
659 451 762 544 Zeno
784 491 973 568 postquam
1005 468 1117 544 (itm

94 588 311 682 fingularem
327 587 554 681 quorundam
573 588 742 661 attulisset
756 590 974 677 sententiam,
1013 594 1108 651 XXII·

95 704 162 800 qui
194 703 421 775 ascendentes
453 698 599 798 angelos
625 699 862 777 tenebrarum
877 706 979 793 intel·
999 712 1140 777 “V“

94 823 238 915 ligunt,
274 819 348 916 ipse
378 840 466 892 vero
494 832 615 892 censet
643 816 788 916 angelos
814 823 977 896 homines

77 936 211 1022 ,iustos
238 957 273 1008 et
302 935 450 1009 iniustos
477 930 689 1031 generaliter
710 931 850 1025 dictos;
890 967 977 1037 prae·

77 1048 260 1146 .terquam
298 1054 398 1148 quod
434 1050 479 1125 ad
516 1047 650 1125 literam
687 1045 890 1151 intelligitur
931 1059 977 1130 de

94 1168 265 1240 ministris
308 1165 438 1264 angelis
452 1216 470 1262 ,Ι
500 1170 627 1264 „quos
662 1170 853 1260 Domino,
894 1196 977 1247 cum

99 1304 196 1358 esset
225 1283 261 1353 in
295 1285 393 1356 terris
424 1277 548 1358 secisse
572 1284 772 1362 invenimus
798 1288 975 1379 officium,

96 1403 147 1486 fic
183 1401 285 1474 etiam
322 1401 354 1473 S.
392 1400 554 1474 Thomas
584 1392 621 1473 in·
655 1402 694 1488 ln
719 1398 743 1477 l.
772 1403 820 1498 a).
843 1405 977 1502 Angeli

98 1539 240 1606 autem,
275 1516 409 1613 inquit,
426 1556 428 1560 ·
446 1518 641 1593 ascendunt
670 1535 706 1594 et
730 1520 975 1611 descendunt,

96 1634 138 1706 in
166 1652 336 1729 quantum
361 1635 391 1706 ei
415 1636 543 1707 adsunt
560 1633 800 1731 obsequendo¹
818 1660 853 1710 et
877 1639 977 1710 mini·

96 1751 257 1823 strando.
297 1751 405 1822 Dixit
425 1769 528 1846 ergo}
548 1761 663 1836 Amen,
683 1781 771 1823 umen
793 1764 860 1824 dico
879 1755 993 1841 dotis„

96 1877 247 1938 videbitis
265 1877 369 1937 calum
388 1889 529 1957 apertum
545 1888 600 1937 tte.
624 1867 722 1961 quasi
741 1869 855 1940 dicat:
883 1869 983 1970 Quia

98 2009 187 2057 vere
207 1984 359 2054 Israelita
378 2008 433 2069 es,
454 1982 595 2054 attende
615 1984 659 2054 ad
678 1984 733 2069 id,
755 1985 854 2079 quod
872 1985 979 2057 Israel

98 2099 208 2185 vidit,
236 2120 275 2172 ut
300 2098 428 2171 scilicet
453 2099 574 2170 credas
598 2125 655 2170 me
680 2099 779 2171 illum
804 2128 895 2189 esse,
918 2104 980 2199 qui

103 2235 159 2288 est
175 2215 385 2310 significatus
403 2242 468 2313 per
486 2237 631 2290 unctum
645 2217 799 2314 lapidem
813 2219 977 2291 aJacob.

100 2359 186 2405 nam
213 2353 251 2404 tu
278 2332 379 2404 etiam
404 2333 540 2405 videbis
565 2336 704 2431 super
694 2363 810 2433 tpsum
833 2341 981 2435 angelos

101 2436 336 2522 ascendentes
359 2444 416 2524 vel
445 2452 712 2562 descendentes
719 2456 741 2490 ‘⁶

182 2683 294 2778 Quod
321 2685 350 2757 si
377 2705 506 2758 tamen·
521 2675 637 2778 stricte
656 2675 908 2759 inhaerendum
923 2779 926 2783 Ι
939 2678 980 2781 sit
1020 2690 1023 2695 ’

99 2800 241 2877 verbis:
269 2811 412 2877 uidebitis
434 2815 554 2889 uergelos
574 2810 634 2875 Dei
656 2816 847 2876 ostendentes
865 2826 896 2874 et
916 2814 981 2876 des·

102 2931 260 2992 tendentes
279 2928 378 3009 fimet
404 2926 508 3005 filium
541 2931 696 3007 dominis,
737 2919 783 2991 de'
819 2907 980 2992 omnium

101 3036 257 3109 maxime
290 3036 503 3132 conspicuo
515 3030 763 3132 intelligendus
799 3056 851 3107 est
879 3040 981 3108 locus

102 3156 313 3247 angelorum
344 3153 559 3240 ministeri0,
600 3156 745 3249 quando
777 3154 915 3228 venerit
943 3154 995 3226 in>
1051 3249 1053 3254 ³

101 3269 284 3341 maiestate
309 3261 354 3340 ad
383 3268 610 3341 iudicandum
639 3295 720 3341 cum
750 3271 820 3343 suis
847 3271 981 3366 angeli-s
1083 3276 1085 3282 ’

101 3374 143 3474 in
168 3385 225 3458 illa
249 3387 322 3472 die,
351 3387 437 3459 ficut
457 3386 494 3457 in
517 3387 671 3482 gloriosa
692 3386 896 3488 ascensione
921 3390 981 3460 lua

102 3503 145 3577 in
176 3507 326 3592 colum,
363 3503 426 3575 ubi
456 3504 524 3576 iam
552 3501 849 3591 denuntiaverunt
876 3503 981 3574 etiam

103 3622 204 3700 hunc
230 3623 424 3694 fecundum
453 3622 646 3694 adventum
676 3619 792 3714 angeli
815 3614 873 3701 b):
917 3630 983 3709 Viri·

109 3748 250 3824 Galilaei,
277 3751 353 3831 quid
372 3746 470 3825 statis
496 3750 674 3829 uspicientes
704 3744 898 3807 intelam?
925 3745 984 3808 Hie

101 3848 198 3962 {lesus
223 3868 279 3947 qui
305 3877 480 3947 assumptus
505 3877 550 3929 est
576 3884 597 3926 a
622 3864 708 3960 vobis
731 3866 765 3946 in
793 3863 917 3951 celum,
935 3859 985 3951 ste

150 4006 182 4083 a)
206 4007 238 4067 Τ.
262 4005 320 4068 111.
336 4021 366 4079 p.
389 4020 452 4076 457.
544 4006 574 4087 1)
598 4004 656 4095 flet.
678 4003 704 4068 1.
728 4020 774 4068 u.
868 4080 871 4085 .
935 4080 937 4084 v
