2460 4560
180 355 250 437 164

176 498 351 598 potuisset
380 493 543 591 Christus·
563 494 699 575 homo,
737 489 804 560 nisi
836 488 939 562 etiam
968 490 1071 565 limul
1098 492 1185 567 Dent
1213 568 1215 579 ,

117 656 124 672 ·
173 616 325 690 luisset?
352 613 386 684 Si
410 637 494 706 ergo
518 635 587 704 ego
611 608 682 680 lavi
710 607 821 702 pedes
846 627 985 680 vestros
1017 609 1186 684 Dominus
1213 620 1215 631 '

175 758 210 808 et
238 730 441 826 Magister:
471 746 505 798 et
529 752 597 799 vos
630 724 766 796 debetis
795 727 880 795 alter
911 726 1057 800 alterius
1082 731 1185 801 lavare
1214 788 1216 803 .

173 839 293 950 pedes.
344 841 680 940 Exemplumenim
710 840 792 912 dedi
813 840 941 927 vobis,
969 863 1010 915 ut
1035 845 1186 939 quemad·
1214 866 1216 932 ι

173 967 320 1041 modum
341 986 409 1055 ego
430 960 497 1032 feci
515 959 641 1044 vobis,
663 958 710 1029 ita
728 977 762 1029 et
780 982 847 1028 vos
870 957 1017 1030 faciatis.
1051 957 1181 1046 'Amen

131 1165 134 1171 ,
162 1076 273 1158 ‘amen
301 1064 384 1150 dicei
411 1076 537 1150 vobis!
554 1168 556 1173 ,
574 1075 662 1146 Non
689 1075 886 1160 estservus
908 1074 1025 1148 maior
1049 1079 1180 1151 domino
1215 1106 1217 1173 3

171 1187 256 1274 suh:
284 1213 401 1289 neque
416 1196 596 1290 apostolus
615 1191 726 1263 maior
740 1211 792 1262 est
810 1216 876 1276 en,
899 1191 962 1286 qui
976 1193 1072 1266 misit
1086 1195 1178 1267 illum.
1215 1259 1217 1279 ,

172 1312 401 1396 Sihaecscitis,
412 1309 506 1381 beati
520 1308 627 1396 eritis,
638 1308 666 1379 si
678 1307 826 1379 feceritis
842 1333 892 1379 ea.
926 1308 1019 1380 Non
1034 1311 1077 1383 de
1087 1310 1181 1400 omni·
1214 1307 1217 1372 ζ

171 1434 239 1504 bus
256 1429 361 1502 vobis
380 1426 478 1497 dico:
499 1436 567 1519 eg‘o
580 1426 672 1510 scio,
691 1446 782 1519 quos
801 1423 989 1520 elegerim:
1014 1428 1074 1500 led
1088 1428 1178 1500 utad·
1214 1438 1218 1467 ³

141 1572 142 1579 ¹
171 1549 359 1645 impleatur
373 1543 559 1639 scriptura:
590 1539 663 1630 Qui
677 1541 868 1612 manducat
884 1568 1027 1616 mecum
1046 1568 1176 1641 panem,

172 1663 305 1739 levabit
330 1677 454 1733 contra
479 1684 535 1729 me
554 1659 754 1728 calcaneum
775 1658 886 1729 suum.
938 1657 1089 1733 Amodo
1108 1660 1174 1732 dico

172 1767 298 1868 vobis,
326 1777 527 1876 priusquam
551 1773 634 1845 fiat:
663 1793 702 1843 ut
726 1798 806 1843 cum
827 1776 960 1846 factum
981 1778 1102 1864 luerit,
1117 1801 1173 1849 cre-

173 1900 284 1983 datis,
312 1895 393 1991 quia
419 1913 486 1987 ego
512 1893 631 1964 sum.“
681 1887 822 1985 Nempe
845 1919 897 1976 ego
911 1901 1011 1981 sum,
1039 1909 1091 1988 qni
1103 1902 1199 1983 flm„

136 2109 137 2112 Ἴ
171 2016 325 2096 lehova,
353 2009 478 2092 Deus;
508 2032 613 2100 quem
637 2029 673 2076 se
695 2006 913 2080 demonstrat
937 2034 984 2081 ex
1012 2011 1173 2108 praescien⁴

171 2129 219 2202 tia
242 2129 439 2200 futurorum
467 2122 530 2192 nbi
559 2122 701 2217 propria
725 2142 891 2218 tanquam
917 2123 1030 2216 Deo,
1058 2154 1124 2199 non
1142 2143 1173 2197 ut

169 2244 353 2343 prophetae
381 2237 565 2309 dicebant:
604 2248 670 2308 Hac
697 2250 774 2311 dicit
798 2248 959 2314 Dominus.
1032 2242 1171 2316 Christus

99 2356 102 2361 ’
170 2380 286 2432 autem
306 2378 472 2452 tanquam
490 2343 592 2427 Deus
614 2382 676 2452 per
695 2376 808 2430 totum
826 2354 1171 2455 Evangeliumloqui·
1219 2423 1220 2433 ,

169 2497 225 2550 tur
253 2477 297 2548 de
322 2463 446 2550 futuris
469 2463 617 2575 perinde
645 2500 685 2546 ac
716 2489 782 2547 nos
810 2472 855 2547 ‹le'
881 2478 1077 2572 praeteritis.
1122 2474 1172 2545 At·

128 2688 130 2692 γ
169 2622 241 2691 que
263 2594 488 2688 hic·quoque
512 2618 549 2663 se
573 2590 793 2678 Dominum,
820 2591 872 2663 uti
896 2592 1035 2689 lemper
1062 2613 1096 2666 et
1114 2588 1173 2663 ubi·

85 2706 87 2711 ’
169 2711 296 2806 quein
319 2708 518 2802 Evangelio
542 2708 661 2779 divina
684 2688 865 2795 humanis]
894 2729 929 2781 et
954 2709 1106 2782 vicissim
1124 2705 1173 2780 hu·

167 2848 273 2898 mana
297 2823 424 2897 divinis
449 2824 616 2910 miscens,
643 2845 767 2910 vocat,
794 2824 856 2895 ubi
888 2831 1091 2920 apostolos,
1121 2827 1172 2897 luo

169 2946 274 3017 etiam
293 2942 460 3036 exemplo
483 2940 520 3011 in
540 2942 676 3013 lotione
699 2940 848 3035 pedum,
875 2941 921 3012 ad
937 2943 1173 3034 humilitatem,

168 3063 293 3158 procul
337 3056 435 3130 omni
472 3057 635 3126 lastu‘in
670 3055 975 3145 hierarchiam,
1014 3060 1174 3132 hortatur.

166 3178 270 3251 Nlox
310 3196 425 3248 tamen
468 3170 568 3243 iuxta
603 3172 759 3245 divinam
798 3173 987 3268 Evangelii
1031 3174 1176 3259 Christi,

166 3295 268 3390 quod
297 3288 450 3389 apostoli
477 3287 572 3358 missi
597 3287 632 3358 in
659 3289 861 3361 universum
887 3292 1064 3364 mundum
1082 3308 1177 3380 nerant

82 3497 86 3504 ι
167 3408 409 3507 praedicaturi,
435 3405 689 3492 oeconomiam‚
718 3407 876 3479 divinam
903 3432 1027 3479 eorum
1050 3409 1173 3490 firmat,

165 3527 269 3598 solito·
292 3551 436 3620 quoque
461 3524 524 3594 suo
548 3522 765 3610 iurament0,
799 3526 1067 3614 auctoritatem,
1103 3527 1174 3596 dum

166 3664 254 3714 mox
279 3641 397 3711 subdit
419 3637 477 3728 n):
505 3653 621 3725 Amen,
649 3668 736 3712 amen
756 3651 825 3711 dico
845 3651 953 3712 nulrit:
981 3651 1044 3733 Qui
1064 3652 1174 3731 hcdpit,
1220 3684 1224 3745 3

166 3773 193 3834 si
220 3779 310 3850 quem
342 3769 469 3843 misero,
509 3769 719 3854 mewacer'pit:
765 3769 818 3850 qui
847 3779 951 3832 autem
978 3786 1026 3831 me
1056 3769 1172 3851 accipit,
1221 3801 1224 3854 3

209 3975 239 4055 a)
260 3970 421 4042 Joaexllt.
446 3912 503 4029 aa?
