2460 4560
433 315 668 382 ἔξει
919 333 986 403 351

105 471 146 537 de
171 480 272 536 morte
296 467 445 534 redimam
470 489 544 533 eos:
578 490 630 535 ero
652 488 735 534 mors
760 479 819 533 tua
844 468 989 552 dmm,
1015 462 1130 528 ΟΜ

105 606 228 654 morsus
248 600 322 652 tuus
340 607 391 651 ero
411 585 529 668 inferne
544 560 601 668 ¹u).
651 576 690 650 A
710 577 855 653 Christo
874 600 991 654 autem
1021 585 1125 643 XXVI·

102 694 146 769 in
184 697 301 793 figura
337 695 508 793 serpentis
542 694 631 767 aenei
664 713 807 771 ostensa
841 697 1145 772 veritaszw

93 817 146 901 fic
170 825 251 886 enim
275 822 360 885 Deus
387 823 498 886 dilexit
524 822 692 901 mundum,
720 834 757 885 ut
776 820 879 900 filium
895 824 995 905 suum

106 941 299 1017 umgenitum
319 940 427 1018 daret,
451 949 487 1000 ut
506 941 623 1016 omnis,
647 939 703 1022 qui
723 941 820 1003 credit
842 942 993 1022 inillam,

105 1067 322 1139 erumperent,
340 1054 401 1137 sed
424 1055 540 1120 lrabeat
563 1058 667 1117 vitum
689 1068 841 1120 aternam
901 1047 993 1142 Quae

104 1161 147 1237 in
168 1163 280 1238 verba
298 1181 557 1249 commentatus
581 1161 613 1234 S.
636 1162 690 1236 Jo.
713 1160 993 1262 Chrysostomus

105 1279 157 1354 fic
184 1279 430 1354 Nicodemum
462 1279 675 1375 alloquitur}
711 1325 733 1369 s,
745 1273 806 1355 Ne
834 1281 993 1371 mireris,

105 1396 158 1471 ait
177 1392 237 1488 b),
272 1397 373 1493 quod
404 1422 472 1494 ego
501 1390 711 1471 exaltandus
739 1391 822 1488 lim‚
856 1420 897 1473 ut
925 1419 995 1474 vos

106 1516 256 1589 [alutem
281 1513 559 1610 consequamini.
610 1513 708 1588 Nam
732 1508 804 1590 hoc
826 1513 873 1590 ita
898 1517 995 1591 Patri

104 1631 224 1705 visum
238 1650 309 1717 est;
328 1629 418 1704 etsie
431 1632 489 1704 ille
499 1656 567 1704 vos
581 1626 728 1718 dilexit⁵
749 1650 789 1703 ut
801 1656 870 1728 pro
883 1634 993 1707 servis

105 1748 223 1823 filium
245 1748 363 1835 daret,
392 1766 427 1820 et
449 1773 516 1845 pro
536 1745 684 1840 ingratis
709 1740 827 1822 servis.
876 1746 994 1844 Atqui

105 1890 228 1961 neque
256 1890 324 1962 pro
357 1862 471 1936 amico
504 1861 683 1958 quispiam
714 1862 754 1967 id
784 1883 892 1960 agat:
931 1872 1006 1936 vix'

105 1980 189 2056 enim
219 2010 282 2073 pro
309 1994 393 2054 iusto
424 1991 495 2073 quis
528 1990 684 2050 moriatur
704 1973 761 2069 e).
831 1980 901 2054 Sed
934 1981 994 2054 ille

104 2098 274 2197 longiore
299 2125 384 2172 usus
413 2116 467 2171 est
488 2089 674 2183 sermone,
710 2095 795 2193 quia
824 2097 994 2172 fidelibus
1055 2166 1061 2177 .

105 2217 220 2292 verba
235 2216 409 2302 faciebam
435 2213 495 2286 hic
514 2232 631 2286 autem
648 2212 793 2288 brevius
813 2212 998 2306 Christus,

69 2343 74 2351 '
104 2333 193 2431 quia
226 2333 469 2407 Nicodemum
502 2324 778 2437 alloquebatur,-
814 2331 877 2403 sed
909 2357 993 2405 cum

106 2449 236 2524 maiori
258 2434 437 2548 emphasi:
465 2446 601 2543 quaein
624 2443 768 2539 fingulis
793 2447 896 2521 dictis
927 2450 992 2522 ob·

105 2585 279 2642 servatur.
333 2566 400 2638 His
427 2563 521 2634 enim
542 2552 685 2635 verbis}
702 2566 752 2646 fic
776 2573 889 2636 dilexit
906 2574 992 2640 Deus

105 2694 272 2771 mundum,
292 2684 420 2775 ingens
438 2702 538 2750 amor
555 2675 779 2773 fignificatur'.
824 2679 994 2755 Multum
1054 2730 1058 2736 -

105 2799 244 2897 quippe
279 2797 391 2870 immo
428 2794 642 2866 immensum
682 2813 757 2868 erat
789 2795 990 2873 discrimen.

106 2916 206 2991 Nam
226 2910 456 3000 immortalis,
485 2930 521 2983 et
539 2911 613 2983 stne
631 2909 832 3010 principio,
858 2917 993 3011 magni·

107 3034 201 3111 tudo
224 3030 383 3118 infinita,
419 3049 583 3103 exterra
612 3047 648 3102 et
674 3027 792 3103 cinere
817 3031 993 3106 formatos

104 3147 304 3223 innumeris
327 3162 480 3222 onustos
508 3146 680 3243 peccatis,
707 3147 769 3244 qui
791 3149 927 3248 semper
953 3176 993 3225 se
1092 3150 1099 3177 ¹

106 3267 358 3352 offendebant,
376 3263 552 3361 ingrat0s3
568 3263 656 3351 hos,
674 3263 838 3360 inquam,-
856 3267 992 3340 dilexit.

107 3384 160 3462 Et
190 3410 269 3482 quae
299 3402 425 3482 postea
458 3382 673 3479 lequuntur,
706 3378 857 3478 perinde
886 3382 994 3459 vehe-

108 3503 245 3577 mentia
274 3503 364 3577 lunt
422 3496 540 3572 Addit
574 3495 687 3588 enim,-
719 3510 756 3570 ur'
776 3501 878 3585 filium
893 3506 994 3588 filum

109 3632 301 3707 umgenitum
319 3631 428 3708 dareq-
448 3646 522 3692 non
540 3609 679 3693 servum
688 3668 701 3709 ‚-
720 3644 797 3691 non
815 3620 993 3714 angelum,

110 3763 190 3812 non
205 3714 456 3834 archangelum
473 3737 529 3810 ait.
576 3736 693 3834 Atqui
708 3762 816 3810 nemo
833 3762 994 3834 unquam

153 3922 186 4003 a)
211 3923 269 3979 om
290 3922 383 3987 xrrr.
408 3904 450 3991 rr
568 3921 598 4000 r)
625 3920 701 3983 arm.
730 3917 874 3984 axau.
897 3923 926 3978 a
944 3920 993 3990 re.

200 4021 228 4066 ι.
254 4022 280 4066 ι.
297 4007 337 4065 T.
364 4006 447 4074 vm.
469 4017 496 4082 p.
521 4009 580 4077 ¹5⁴·
690 4003 929 4088 e)Rom.V.r.
