2460 4560
157 323 420 434 ‚immortalis
460 329 684 416 memoriae
719 322 879 442 promul
904 322 1092 430 :statim
1137 341 1197 422 ut

26 550 29 555 ,
157 485 314 554 manus
334 460 456 572 operi
475 455 696 559 admovit,
726 454 772 545 id
789 450 964 551 consilii
982 471 1189 572 ceperat,
1223 496 1225 500 J

160 613 276 681 anno
317 589 520 702 proxime
558 581 820 681 imminente
855 581 1081 681 sacerdotii
1121 583 1191 678 sui

159 709 370 817 jubilaeo,
412 711 679 831 expleturus.
745 713 926 807 Pietatis
959 742 1064 828 ergo
1098 712 1191 805 offi-

160 849 281 967 cium
315 857 433 943 erat,
468 857 545 944 ut,
579 847 655 963 qui
689 847 849 938 vestris
888 840 1108 964 suffragiis
1137 850 1192 940 in

160 976 422 1087 dignitatem
456 967 681 1066 succedere
710 969 960 1091 compulsus
982 969 1103 1075 sum,
1127 973 1195 1064 ul‹

160 1109 279 1193 timeo
299 1104 405 1199 Eius
424 1099 666 1202 uoluntati,
695 1107 817 1216 quusi
839 1115 1102 1198 testamento
1127 1133 1193 1194 re-

161 1231 274 1330 lictoc
303 1261 350 1320 nc
374 1235 637 1342 consignato
659 1231 984 1346 obtemperem:
1011 1236 1194 1344 gratitu-

159 1361 278 1450 dinis
301 1389 433 1460 vero,
460 1373 511 1454 ut
529 1359 751 1456 Antistitis
775 1360 826 1454 de
845 1365 1192 1476 congregatione

160 1506 310 1579 nostra
336 1491 581 1576 innumeris
604 1489 858 1578 nominibus
876 1519 1005 1605 quam
1021 1487 1206 1604 optime

162 1622 337 1720 meriti,
366 1620 627 1738 memoriam
651 1621 699 1711 in
718 1620 880 1712 animis
903 1623 1063 1713 vestris
1081 1649 1195 1711 nun-

162 1759 300 1864 quum‘
323 1744 550 1836 delendam
579 1758 904 1862 perennemque
926 1747 1107 1836 reddere
1133 1747 1197 1840 sa«

161 1891 332 1990 tagam3
362 1876 407 1964 id
433 1875 549 1965 haud
577 1872 774 1976 facilius,
806 1890 856 1970 ut
876 1875 988 1964 mihi
1010 1878 1197 1992 quidem

162 2002 417 2104 uidebatur,
441 2002 708 2104 effecturus,
737 2035 867 2119 quam
887 2009 925 2102 si
944 2003 1102 2098 ultima
1118 2007 1196 2098 Pn-

161 2140 244 2224 tris
279 2136 440 2248 optimi
472 2131 526 2219 ad
554 2127 716 2237 coelum
748 2138 1022 2248 properantis
1054 2138 1196 2232 verba

163 2261 302 2356 oculis
320 2265 480 2353 vestris
500 2262 763 2362 obiicerem,
792 2257 974 2352 vulnere
991 2265 1196 2357 nondum

160 2394 378 2493 obducto,
404 2389 520 2508 quod
541 2395 750 2511 transitus
765 2396 965 2481 omnium
983 2394 1196 2487 cordibus

162 2521 339 2612 inflixit.
398 2518 572 2615 Deinde
597 2523 743 2634 ipsum
769 2525 1082 2635 gravissimum
1099 2555 1194 2616 mu·

162 2679 277 2753 nm,
304 2649 420 2765 quod
449 2653 498 2744 in
526 2648 734 2739 humeros
759 2680 881 2739 meos
906 2648 1193 2759 devolvistis‚

163 2779 382 2871 eiusmodi
405 2792 496 2880 est,
522 2793 573 2869 ut
600 2778 731 2893 digne
753 2809 778 2867 a
797 2808 867 2868 me
892 2779 1208 2876 administrari

164 2940 256 3000 non
274 2936 401 3024 posse
424 2912 798 3007 existimaverim,
826 2911 914 3002 nisi
935 2912 1099 3023 primas
1122 2942 1190 3003 cu·

45 3074 49 3081 ·
164 3068 307 3137 roseo
329 3053 656 3136 converterem,
683 3049 733 3125 ut
756 3052 967 3152 quantum
990 3066 1070 3128 uos
1094 3039 1189 3130 dili.

163 3200 292 3285 gam,
320 3179 584 3281 quantumve
608 3160 797 3282 singulos
824 3179 1020 3254 vestrum
1043 3165 1187 3261 Chris·

86 3367 88 3370 -
156 3315 210 3398 ιο
228 3297 481 3392 lucrifacere,
504 3299 696 3411 cupiam,
722 3289 899 3410 publico
919 3323 977 3389 ex
995 3302 1187 3388 testimo·

164 3434 241 3517 nio
266 3422 583 3537 intelligeretis.
643 3424 758 3525 Eum
783 3429 904 3524 enim
934 3430 982 3513 in
1010 3423 1186 3543 scopum

163 3554 396 3670 sublimem
409 3551 576 3667 fingula
592 3550 696 3647 libri
717 3553 919 3667 dogmata
937 3551 1187 3660 collineare,

43 3675 46 3681 ⁴
110 3794 113 3798 .
166 3690 367 3778 instituta
386 3681 532 3780 sedula,
550 3680 739 3779 lectione
760 3680 885 3781 facile
901 3688 1188 3799 percipietis,

64 3828 68 3837 ‘
162 3842 425 3933 quamquam
445 3818 673 3929 piis-simus
693 3811 888 3912 Author‚
915 3824 965 3908 ut
990 3828 1082 3904 erat
1098 3845 1184 3905 mo·

163 3947 438 4046 doctissimus
476 3958 604 4063 atque.
639 3945 697 4041 ab
732 3944 857 4041 omni.
891 3939 1182 4039 ostentatione
