2460 4560
426 329 657 377 ..-

910 345 981 434 269

100 473 188 570 enim
209 495 342 582 strictim
370 498 473 580 faciet
503 500 655 581 populum
672 497 771 579 sunm
801 518 822 562 α
845 505 984 583 peccatis
1012 481 1127 548 cm?
1185 582 1189 587 η

96 634 217 685 eorum
262 594 366 682 {dcet
385 607 535 679 habetur
550 607 589 677 in
608 632 726 702 graeco
744 627 865 695 textu,
886 609 983 682 unde
1022 604 1105 658 ‘1¹¹¹‘

98 714 225 822 nimpi
266 724 475 820 Indignatus
492 723 671 797 invehitur
691 723 819 799 Cicero
840 725 876 797 in
895 700 1143 798 Ver-*wi

95 870 199 930 rem,
220 842 318 938 quod
333 840 404 913 hoc
419 866 550 911 nornen
564 841 741 937 usurparit
753 841 982 939 inscriptione

97 960 259 1059 quadam
283 955 464 1054 Syracusis
493 955 557 1027 fibi
582 956 718 1052 posita:
745 962 833 1044 Hoc,
854 959 902 1031 ait
917 957 983 1049 n).

97 1098 257 1171 picardum
281 1097 326 1146 est
338 1085 351 1143 !
378 1085 427 1144 ita
446 1100 611 1159 magnum,
639 1093 676 1144 ut
696 1102 757 1144 uno
775 1083 874 1146 Intiao
891 1103 986 1146 voca*
1096 1071 1102 1083 ’

98 1205 176 1266 brrlo
197 1202 329 1282 exprimi
350 1218 409 1261 non
424 1202 536 1281 possit.
587 1200 618 1261 Is
642 1211 687 1262 est
706 1201 850 1261 nimitum
875 1200 961 1264 Soter
971 1245 985 1288 ,

99 1324 159 1406 qui
172 1317 312 1398 salutem
338 1317 431 1379 dedit.
482 1306 568 1379 Hoc
594 1327 668 1394 est,
695 1297 796 1402 quod
822 1334 888 1381 nos
912 1334 993 1381 om·=

101 1428 197 1500 nino
226 1424 263 1495 in
291 1422 437 1495 Christo
460 1422 543 1494 iesu
576 1423 823 1518 agnoscimus,
850 1425 985 1523 unique

101 1567 252 1618 omnem
285 1540 430 1611 salutem
464 1558 620 1611 nostram
654 1538 691 1609 in
722 1540 877 1637 acceptis
909 1542 988 1615 feria

101 1685 209 1746 mus,
247 1676 353 1752 atque
377 1680 456 1727 cum
481 1655 604 1728 Maria
629 1675 739 1727 matre
764 1656 838 1728 eius
859 1671 893 1728 in
919 1667 988 1728 Deo

94 1786 244 1870 salutari
264 1792 388 1845 nostro
413 1774 635 1856 exultamus;
667 1791 708 1844 ut
734 1770 883 1866 quisque
905 1797 988 1845 cum

103 1892 285 1993 propheta
316 1887 434 1962 dicat:
471 1895 535 1972 Ego
564 1909 670 1958 nutem
698 1899 732 1959 in
756 1895 889 1958 Domino
909 1917 989 1974 gaa-

102 2019 205 2094 dcto,
229 2029 260 2080 et
282 2007 427 2078 exultabo
445 2015 478 2074 in
501 2011 566 2074 Deo
586 2012 665 2082 Jesu·
678 2031 753 2086 meo.
797 2001 878 2075 Nisi
895 2004 990 2076 enim

104 2127 211 2225 iesus
247 2123 344 2194 srmul
379 2137 469 2192 esset
497 2117 625 2206 Deus,
663 2144 737 2190 non
765 2141 886 2216 posset
913 2147 990 2194 esse

108 2242 212 2316 Jesus
233 2242 294 2312 seu
319 2236 477 2310 Salvator
496 2255 634 2324 noster,
656 2255 696 2309 ut
715 2263 752 2309 se
773 2230 990 2333 condignam

109 2356 247 2433 coelesti
271 2353 367 2427 Patri
390 2355 453 2426 suo
475 2379 544 2450 pro
569 2353 676 2425 salute
699 2374 819 2427 nostra
847 2354 991 2430 offerret

107 2475 266 2552 hostiam
288 2470 495 2568 placationis
518 2495 559 2542 ac
581 2468 896 2558 reconciliationis,
919 2498 991 2545 me·

109 2593 231 2666 diator
256 2589 346 2661 inter
365 2586 487 2659 Deum
513 2605 548 2658 et
570 2584 751 2657 homines:
780 2587 880 2681 quod
903 2612 992 2682 quo·

106 2709 226 2783 modo
251 2732 338 2798 *esse
376 2721 522 2800 posset,
559 2700 588 2772 si
619 2701 694 2798 ipse
726 2726 845 2774 merus
880 2703 994 2776 homo

109 2826 214 2898 simut
236 2822 428 2896 mediatore
449 2816 642 2914 indigeret,
670 2837 729 2892 ant
748 2819 862 2892 solum
876 2818 992 2910 Deus,—

110 2939 271 3014 medium
302 2939 393 3012 inter
424 2964 460 3010 se
496 2935 618 3009 Deum
653 2955 689 3008 et
716 2936 879 3008 homines
916 2959 994 3009 non

109 3057 294 3131 haberet?
340 3065 420 3127 Unus
443 3067 521 3126 enim
546 3062 651 3140 Deus,
687 3082 765 3125 rmus
788 3074 818 3126 et
841 3063 995 3126 mediator

109 3184 175 3247 Dei
202 3195 233 3245 et
253 3160 429 3259 hominnm,
456 3180 546 3241 immo
572 3181 708 3242 Christus
734 3180 843 3258 iesus,
870 3184 925 3263 qui
945 3181 995 3244 do

108 3304 163 3365 dit
201 3301 414 3361 redemtionem
441 3295 643 3376 semetipsum
676 3313 738 3375 pro
775 3297 912 3358 omnibus
944 3286 995 3376 b).

114 3407 210 3482 Non
238 3406 284 3478 stc
308 3406 415 3479 Josue
436 3403 512 3476 dux
534 3401 662 3499 popuii
689 3399 869 3474 Israelitici
890 3403 997 3476 bella·

111 3545 173 3599 tor
184 3523 284 3596 fortis
296 3521 442 3596 salvavit
455 3522 631 3616 populum
642 3519 740 3591 suum
753 3574 762 3604 ,
777 3527 996 3607 utprrsemer·

78 3632 87 3639 ’
111 3654 228 3734 ipsum
242 3640 341 3712 Jesus
364 3656 456 3719 ,esset
477 3664 517 3710 ac
535 3635 609 3708 dici
628 3653 767 3732 posset,
795 3631 881 3706 ficut
898 3634 1003 3708 iesus·

116 3757 282 3831 Salvator
296 3783 336 3829 ac
350 3746 460 3828 Deus
473 3772 594 3826 noster
611 3749 663 3842 c):
681 3762 743 3844 Qui
759 3779 827 3822 cnm
845 3763 877 3821 in
886 3760 997 3841 forma

115 3885 179 3948 Dei
207 3895 305 3961 esset,
331 3902 391 3944 non
420 3883 563 3965 rapinam
586 3881 758 3943 arbitratus
784 3891 850 3956 est,
885 3899 945 3942 esre
968 3899 998 3941 rr

156 4025 188 4102 a)
206 4025 249 4082 or.
264 3988 346 4084 mn.
364 4027 408 4094 ις.
473 4021 541 4121 nr.
559 4018 627 4080 nm.
643 4020 683 4085 11.
700 4033 726 4090 ς.
741 4084 744 4090 ,
792 4019 820 4094 e)
837 4020 905 4079 rm
920 4018 959 4076 11.
975 4021 1000 4080 ι.
