2460 4560
303 446 304 449 Ν
900 342 972 426 'ru

95 486 193 586 pulis
215 484 284 557 luis
305 483 342 555 in
365 483 610 581 prima-statim
633 485 884 573 instructione,
909 490 976 560 ser·
999 481 1114 547 ΟΜΝ

88 630 208 682 mone
231 603 268 673 in
296 621 417 673 monte
440 601 576 672 Matth.
602 601 665 673 Vl.
691 626 834 676 ornnem
854 604 977 676 sollici·
1025 603 1089 660 XX·

98 721 260 795 tudinem
294 717 404 789 demit
438 716 483 788 de
515 718 715 791 necessariis
740 721 844 793 huius
871 717 1128 795 νίωεῦἥΝ

97 865 164 911 eos
186 835 290 909 etiam
312 836 528 928 redarguens
550 835 685 907 Matth.
709 819 811 908 XVL
832 862 865 924 7.
891 838 977 910 dum

98 957 146 1027 de
174 980 246 1026 non
273 950 423 1047 acceptis·
443 949 594 1047 panibus
618 957 795 1038 cogitabant
817 966 901 1040 intra
926 984 976 1041 se,

98 1071 269 1142 miracula
290 1061 603 1162 multiplicatorum
624 1067 661 1138 iu
682 1062 821 1141 deserto
842 1096 977 1166 panum

97 1189 137 1258 in
173 1182 379 1257 memoriam
414 1205 582 1257 revocat:
626 1185 752 1257 iisdem
783 1212 891 1281 porro
919 1188 976 1259 ali·
1025 1235 1049 1277 -·

96 1304 247 1400 quando
274 1299 498 1374 afferentibus
524 1300 587 1372 fibi
611 1322 738 1398 panem
762 1302 815 1374 lo.
834 1301 897 1373 IV.
918 1327 976 1391 34.

98 1427 192 1516 Meus
213 1428 376 1504 elboren,
401 1417 466 1503 ait,
490 1423 663 1505 alsaciam
680 1429 872 1491 voluntatem
890 1427 975 1507 eius,

97 1536 977 1629 fflmwmfflwmstffl

97 1652 281 1723 declarant
317 1649 421 1721 nobis
461 1639 730 1746 responsionem
771 1646 916 1724 diabolo
955 1679 977 1725 a

99 1766 250 1839 Christo
268 1767 394 1838 factam
418 1765 454 1835 in
474 1766 564 1836 statu
584 1767 648 1837 suo
673 1765 834 1837 omnium
857 1767 977 1839 rerum

99 1902 249 1980 experte
273 1883 309 1953 in
332 1884 402 1955 hoc
428 1882 585 1968 mundo,
613 1870 661 1953 *ut
684 1877 789 1979 plena
812 1882 848 1953 in
876 1887 978 1979 ccele-

99 2020 192 2072 stem
231 1999 370 2070 Patrem
404 2002 507 2073 suurn'
537 1997 670 2070 fiducia
700 2017 828 2095 posset
857 1999 978 2072 dicere

100 2115 140 2187 iu
164 2117 253 2215 statu
275 2109 548 2192 exinanitionis:
580 2126 647 2186 Non
667 2124 778 2200 insolo
789 2143 873 2206 pane
893 2131 982 2188 oioir

99 2242 270 2309 homone.
308 2224 454 2325 Quaein
476 2232 605 2319 verba,-
628 2269 649 2318 5,
660 2224 743 2304 ideo
767 2232 813 2303 lrc
835 2257 977 2330 respon·
1012 2301 1013 2305 ,

100 2348 157 2419 dit
183 2347 384 2435 Dominus,
412 2364 678 2420 commentatur>
693 2347 787 2420 Vena
807 2348 905 2421 Beda
926 2348 977 2440 a),

101 2464 188 2559 quia
217 2458 441 2561 propositum
473 2464 507 2537 ei
533 2483 607 2536 erat
632 2464 829 2536 humilitate
857 2467 979 2540 diabo-

100 2585 177 2653 lum
207 2581 375 2667 vincere,
411 2608 485 2652 non
516 2579 685 2676 potentia.
701 2582 723 2671 (ἓ
792 2581 874 2677 Ipsa
903 2583 977 2656 haec

101 2696 186 2770 Filii
209 2694 292 2797 Dei'
312 2682 489 2767 humilitas
511 2697 680 2767 audacem
704 2696 795 2801 adeo
821 2698 979 2769 reddidit

101 2831 335 2902 tentatorem,
364 2830 405 2883 ut
430 2838 511 2885 eum
536 2813 572 2882 in
599 2805 832 2909 pinnaculum
854 2816 979 2911 templi

104 2933 276 3028 elevaret,
312 2955 394 3001 cum
424 2922 492 3000 iam
516 2921 688 3002 incertior·
710 2946 825 3017 esset,
850 2930 978 3005 iterum

103 3071 308 3142 aggressus,
344 3046 552 3118 miraculum
588 3048 715 3119 iterum·
747 3044 978 3143 expostulat,

104 3163 254 3235 eandem
288 3156 475 3245 instituens
512 3165 774 3257 quaestionem
814 3166 849 3236 S'i'
882 3168 980 3237 Filius
1042 3155 1049 3166 ’

103 3291 165 3353 Dei
189 3307 237 3365 es,
273 3294 360 3363 mitte
383 3301 413 3350 te
440 3288 602 3363 deorsum,
622 3288 786 3368 seruitum·
804 3296 851 3352 est
872 3286 979 3353 enlm.-

103 3408 193 3492 Qtu’o
211 3390 324 3482 angelis
335 3403 408 3482 suis
428 3405 593 3468 mandavit
616 3406 653 3466 de
678 3417 709 3466 te
728 3418 786 3467 etc.¹
812 3422 893 3468 curn
919 3399 980 3469 sci·

92 3533 160 3586 -ret
181 3513 347 3584 miracula
364 3537 438 3582 esse
461 3501 624 3582 divinum
643 3532 756 3608 opus,
778 3538 854 3609 quo
875 3514 980 3587 etiam
1003 3586 1006 3592 ,

54 3638 56 3643 ’
103 3650 316 3726 argumento
338 3622 504 3724 deinceps
524 3627 688 3703 Christus
712 3622 865 3701 divinam
884 3634 980 3704 suam

104 3766 276 3823 assertum
306 3744 371 3818 ivit
400 3745 601 3817 missionem
613 3735 630 3833 ';
671 3745 832 3816 Christus
863 3765 980 3820 autem

104 3865 234 3938 iterum
257 3860 375 3936 verbis
397 3862 482 3959 legis
505 3860 705 3938 Deuteron.
728 3857 791 3952 VI.
824 3867 879 3938 16.
908 3885 981 3938 ten-

147 4013 178 4085 u)
203 4014 234 4075 Τ.
259 4014 293 4078 V·
313 4025 339 4083 l·
364 4027 425 4081 ²59·
