2460 4560
1010 356 1080 438 185'

50 492 195 592 pedes3
231 489 346 564 adhuc
372 510 488 562 autem
515 491 581 562 illis
611 519 684 564 non
715 493 939 567 credentibus
965 516 998 569 et
1020 501 1082 570 mi·

54 611 218 684 rantibus
242 634 314 704 prae
334 607 487 702 gaudi0,
515 609 744 681 manducasse
769 637 887 682 coram
910 613 978 699 eis,
1004 617 1081 687 reli·

56 729 231 823 quiasque
259 724 307 796 eis
333 724 495 812 dedisse,
523 725 646 796 ultimo
674 727 815 798 demum
841 729 1023 824 aperuisse¹
1041 732 1080 802 il.

55 845 100 915 lis
122 845 286 927 sensum,
321 864 362 912 ut
390 840 625 934 intelligerent
649 843 856 938 scripturas,
890 865 925 915 et
950 846 1080 918 dixisse
1158 906 1162 916 .

58 960 133 1032 eis:
171 957 383 1050 „Quoniam
411 958 456 1028 src
477 959 642 1052 scriptum
665 979 736 1043 est,
765 980 799 1031 et
826 961 869 1032 lrc
892 963 1082 1056 oportebat

58 1075 244 1147 Christum
271 1073 363 1168 pati,
391 1094 426 1144 et
446 1099 625 1175 resurgere
656 1077 849 1147 amortuis
878 1079 977 1148 tertia
1003 1079 1080 1167 die,

58 1212 97 1264 et
123 1189 306 1288 praedicari
333 1189 369 1260 in
399 1190 542 1260 nomine
570 1190 643 1260 eius
670 1192 934 1285 poenitentiam,
970 1213 1005 1266 et
1031 1222 1082 1267 re·

57 1307 265 1378 missionem
288 1301 514 1400 peecatorum
538 1305 574 1408 in
598 1333 721 1378 omnes
746 1329 887 1402 gentes,
915 1311 1082 1407 incipien-

59 1425 157 1496 tibus
178 1422 434 1518 alerosolyma.
463 1423 541 1493 Vos
562 1443 677 1494 autem
699 1445 802 1496 testes
819 1426 899 1498 estis
918 1428 1082 1500 horum.“

60 1541 116 1613 Illi
150 1537 339 1622 nimirum,
374 1538 502 1632 quibus
537 1538 818 1613 incredulitatem
850 1563 885 1615 et
918 1545 1082 1617 duritiam
1148 1609 1154 1624 ,

59 1657 181 1730 cordis
203 1654 496 1750 exprobraverat,
524 1656 606 1749 quia
626 1656 687 1741 iis,
712 1657 772 1750 qui
796 1657 959 1730 videraut
981 1642 1083 1731 Chri·

61 1795 155 1846 stum
182 1772 434 1856 resurrexisse,
453 1796 536 1845 ¹non
562 1769 812 1843 crediderunt:
840 1775 900 1867 qui
928 1775 1082 1869 primum
1111 1804 1115 1813 ·

62 1890 186 1975 etiam,
208 1888 291 1960 dum
310 1889 359 1959 eis
383 1889 547 1983 apparet,
574 1905 644 1956 tam
668 1885 854 1958 difficulter
873 1890 918 1960 ad
941 1891 1085 1963 creden·

62 2008 149 2079 dum
173 2004 294 2076 induci
319 2021 522 2099 potueruut.
593 2002 698 2093 Quos
726 2005 867 2074 demum
896 2028 1085 2103 postquam

63 2125 184 2197 ledere
206 2121 303 2193 iussit
332 2117 390 2208 a),
429 2118 664 2214 quoadusque
696 2119 928 2195 induerentur
954 2124 1083 2197 virtute

64 2266 111 2312 ex
142 2242 213 2310 alto
239 2237 414 2332 promisso
444 2236 553 2307 Patris
578 2237 628 2307 lui
651 2237 791 2333 spiritu,
828 2240 995 2324 „Eduxit
1022 2268 1083 2315 eos

62 2358 159 2430 foras
182 2354 219 2425 in
240 2353 463 2439 Bethaniam,
488 2373 523 2424 et
542 2353 683 2425 elevatis
710 2353 871 2426 manibus
890 2357 1086 2432 luisbene·
1174 2390 1176 2397 ·

65 2473 158 2565 dixit
178 2471 236 2542 eis.
300 2471 347 2542 Et
365 2471 494 2542 factum
520 2490 590 2554 est,
628 2472 712 2540 dum
742 2470 969 2546 benediceret
996 2475 1088 2562 illis,-

63 2588 211 2662 recessit
234 2589 277 2659 ab
305 2587 372 2658 eis:
411 2607 446 2658 et
469 2585 645 2656 ferebatur
671 2586 706 2654 in
738 2590 874 2658 coelum.
942 2590 991 2660 Et
1018 2591 1085 2685 ipsi

64 2706 254 2779 adorantes
282 2703 429 2798 regressi
459 2701 599 2773 suntin
628 2703 815 2774 Jerusalem
844 2730 922 2775 cum
954 2708 1086 2801 gaudio

67 2847 224 2917 magno:
267 2841 300 2892 et
338 2839 436 2891 erant
459 2821 596 2914 semper
626 2819 662 2889 in
691 2823 845 2915 templu,
879 2823 1085 2911 laudantes,

67 2959 104 3010 et
126 2936 375 3008 benedicentes
394 2935 525 3006 Deum.
563 2934 725 3006 Amen.“
777 2938 879 3029 Quot
901 2958 935 3009 et
956 2930 1093 3034 quanta*

65 3078 192 3152 quaeso
229 3054 274 3124 ad
305 3053 512 3124 firmandam
547 3052 808 3124 resurrectionis
840 3053 947 3124 fidem
976 3056 1086 3128 docu-
1174 3047 1194 3139 J

64 3173 205 3243 menta!
233 3168 312 3241 Tot
333 3195 440 3265 porro
464 3168 591 3241 divinae
614 3169 800 3266 Evangelii
824 3170 955 3247 Christi
978 3172 1086 3246 Verbi

64 3285 239 3361 incarnati
265 3287 472 3365 oeconomiae
500 3305 714 3382 argumenta.

102 3468 142 3547 a)
163 3469 225 3532 rue.
252 3469 359 3532 xxm
383 3485 426 3539 o·

317 3769 838 3800 m
