2460 4560
125 726 182 795 los
203 723 295 795 misit
312 721 349 791 in
374 723 555 791 castellum
580 719 626 789 ad
647 717 859 791 solvendum
883 721 1097 796 adducendu
1149 786 1161 799 ,

126 838 281 930 quesibi
307 840 442 934 pullum
468 837 573 909 asinae
598 831 649 924 a).-

200 1075 299 1146 ldem
323 1070 356 1146 S.
380 1075 535 1147 Jonnnes
559 1071 617 1180 bh,
646 1071 707 1168 qiri
729 1073 981 1147 introduxerat
1005 1075 1131 1148 Petrum
1159 1098 1164 1128 ι

123 1191 161 1264 in
190 1191 315 1263 atrium
340 1191 538 1288 pontificis,
572 1189 668 1261 testis
693 1211 766 1262 erat
791 1191 950 1263 vaticinii
977 1193 1022 1265 de
1048 1204 1164 1288 nega?

124 1309 223 1380 tione
249 1308 365 1395 Petri,
400 1327 436 1380 et
463 1305 676 1404 proditionis
704 1306 803 1379 Judae
828 1307 867 1378 in
893 1309 1014 1381 horto.
1075 1305 1134 1380 Ubi

59 1515 64 1525 Ι
122 1423 220 1496 idem
243 1424 275 1498 S.
299 1425 454 1497 Joannes
479 1421 513 1513 c)
536 1424 717 1495 Christum
742 1423 865 1495 Deum
888 1424 1028 1499 Jehova
1046 1427 1133 1499 nobis

121 1540 236 1628 sistit,
281 1562 390 1638 prout
417 1540 485 1613 iam
521 1565 596 1611 non
626 1541 733 1612 semel
771 1542 985 1615 notavimus.
1046 1542 1162 1614 Dumi

125 1682 254 1756 nempe
276 1659 414 1732 missam
436 1658 481 1730 ad
504 1678 584 1730 eum
608 1657 819 1753 capiendum
840 1659 1047 1746 cohortem,
1073 1679 1133 1731 eta
1156 1671 1164 1714 t

126 1775 358 1872 pontificibus
403 1794 439 1848 et
481 1774 661 1848 Pharisaeis
703 1773 882 1846 ministros
929 1775 1164 1870 interrogant

126 1921 233 1989 quem
254 1894 481 1992 quaererent?
513 1903 552 1964 Ut
573 1903 656 1964 dixit
677 1904 720 1964 eis
743 1887 802 1980 d).·
827 1891 919 1965 Eoo
947 1914 1048 1984 sunt,
1072 1890 1132 1963 Dei
1161 1905 1164 1946 ¹

123 2010 261 2083 Jehova
285 2011 428 2083 nomine
446 2004 629 2106 prostrati,
653 2019 791 2080 abierunt
812 2031 1001 2101 retrorsum,
1026 2032 1057 2082 et
1075 2020 1132 2082 ceci·

123 2136 233 2198 derunt
254 2140 287 2198 in
309 2150 433 2199 terram.
485 2127 527 2197 In
546 2134 598 2198 'eo
620 2125 741 2212 etiam,
768 2129 869 2223 quod
892 2128 1068 2224 sequitur,
1092 2126 1131 2197 di·

120 2241 197 2314 vini
225 2271 245 2314 a
270 2243 373 2318 Patre
400 2241 556 2314 mandati
580 2268 616 2313 se
646 2243 807 2338 potentia
836 2228 1016 2327 ostendit}
1061 2245 1132 2316 dum

121 2359 248 2430 iterum
282 2371 487 2456 interrogovit
515 2386 589 2429 eor.-
625 2367 721 2452 Quem
757 2371 916 2452 quaeritis?
958 2370 1010 2432 ruz·
1043 2383 1132 2432 autem
1163 2402 1164 2409 κ

96 2486 289 2548 dixerunt:
322 2487 428 2558 Jesnm
458 2485 665 2548 Nazarenum.
728 2485 892 2567 Respondit
915 2487 1032 2558 Jesus:
1067 2483 1131 2547 Dixi
1163 2490 1164 2497 ’

102 2602 229 2681 'vohis‚
256 2570 339 2686 quial
362 2620 414 2678 ego
430 2601 529 2683 firm.-
565 2606 592 2664 si
619 2622 687 2680 crgo
713 2623 760 2665 me
785 2606 943 2687 quiritis,
971 2601 1066 2681 finite
1087 2603 1130 2663 hor
1163 2612 1164 2641 ¹

122 2718 215 2779 obire.
283 2719 321 2780 Ut
344 2721 520 2800 impleretur
536 2696 667 2798 sermo,
709 2738 796 2802 quem
826 2721 929 2782 dixit:
956 2721 1041 2804 Quia
1068 2732 1129 2800 quot

122 2835 232 2895 dedisti
253 2835 350 2912 milri,
376 2853 436 2896 nort
449 2837 571 2916 perdidi
589 2854 628 2899 cx
649 2841 693 2898 eis
710 2854 902 2918 quemquam.
948 2826 1038 2899 Sunt
1053 2847 1126 2900 vero

98 2941 197 3013 'haec
226 2941 339 3013 verba
368 2969 413 3014 ex
449 2941 581 3015 Christi
609 2943 770 3016 oratione
800 2943 845 3015 ad
877 2941 1019 3017 Patrem
1045 2938 1126 3040 apud

122 3059 273 3129 eundem
298 3055 350 3147 e),
380 3084 424 3128 ex
446 3084 516 3152 qua
535 3084 621 3130 mox
643 3061 805 3155 quaedam
827 3060 1017 3134 attulimus.
1062 3061 1125 3155 Ipse

87 3263 90 3267 .
121 3201 209 3248 vero
237 3175 397 3248 Christus
422 3175 566 3247 tra‘didit
584 3199 638 3261 st,
666 3190 742 3268 qnia
761 3189 826 3266 ipre
843 3188 966 3264 rutilarit5
997 3178 1057 3273 qui
1078 3175 1125 3246 Pt·

120 3312 213 3366 trum
233 3292 360 3365 iubens
381 3292 536 3388 gladium
561 3293 698 3365 mittere
720 3294 757 3363 in
775 3293 945 3387 vaginam'
963 3294 1054 3366 dixit
1063 3289 1123 3381 f)²

123 3422 270 3497 Calicem,
308 3440 396 3504 quem
430 3421 515 3481 dedit
541 3420 617 3480 milri
651 3421 768 3496 Pater,
804 3439 863 3480 non
888 3414 992 3481 binam
1024 3413 1124 3482 idum?

118 3525 234 3600 Addit
248 3528 445 3601 Matthaeus
460 3527 543 3599 huic
556 3526 690 3598 Christi
702 3526 748 3597 ad
759 3525 903 3597 Petrum
914 3527 1065 3600 sermoni
1074 3520 1122 3612 g):

117 3653 168 3714 An
185 3666 308 3734 putus,
343 3659 420 3739 quia
445 3673 504 3717 non
520 3673 646 3735 possum
671 3671 779 3731 rogare
802 3652 929 3717 Patrem
960 3673 1079 3731 meum,
1101 3657 1143 3753 ct.

79 3867 83 3874 ¹
158 3845 188 3921 a)
218 3844 316 3900 Manu.
351 3842 388 3906 X
390 3846 447 3908 XI.
484 3864 507 3904 1.
568 3799 656 3906 Mire.
692 3845 744 3904 XI.
782 3859 809 3906 1.
868 3844 930 3906 luc.
963 3844 1059 3908 XIX·
1090 3855 1123 3910 30.

200 3927 479 4003 r)J0.XV111.1s.
531 3926 653 4003 c),lh3·
706 3928 827 4003 olto.
857 3928 1124 4000 ·e)Ib.XV11.n·

191 4015 237 4091 f)
259 4013 297 4073 lb.
318 4010 436 4074 XVIII.
457 4027 498 4072 rr.
558 4015 593 4093 g)
614 4013 712 4113 uhtu.
729 4011 853 4118 Xm'
872 4024 916 4083 53.
