2460 4560
146 333 412 438 stabilirent,
440 349 517 428 aut
542 330 775 428 schismate.
800 330 1041 428 Ecclesiam
1067 333 1176 427 lcinss

146 467 312 555 derent.
383 464 537 582 Ipsum
578 465 858 558 Atheismum
895 466 1085 583 publicis
1124 472 1174 558 in

148 595 452 685 Cunventibus
473 592 724 698 celebrant,
749 594 988 714 laudesque
1010 600 1176 713 impias

147 725 402 815 avidissime
431 739 631 839 captant,
659 755 765 842 quas
791 730 952 815 misera
968 740 1095 842 atque
1114 723 1179 814 se·.

43 898 65 973 g
145 854 276 944 ducta
309 851 536 969 plebecula
570 852 796 972 plausibus
829 855 1092 945 detestandis
1122 860 1172 947 in

146 980 349 1087 scelestos
403 1012 625 1099 praecones
673 985 867 1074 ubertim
913 979 1170 1074 adcumulat

147 1109 337 1227 Templa
364 1113 463 1202 Deo
495 1117 603 1204 vivo
631 1127 677 1202 et
701 1142 807 1204 vero
836 1111 950 1202 sacra
978 1117 1027 1202 in
1055 1142 1171 1201 mau-

149 1239 278 1330 solaea
302 1237 607 1331 sceleratorum
632 1271 841 1332 conversa
864 1241 1090 1344 dolemm,
1115 1239 1172 1331 fa·

66 1376 68 1380 ’
148 1371 345 1459 cerdotes
380 1368 455 1460 suo
486 1375 660 1458 muneri
687 1367 843 1461 fideles
868 1368 1169 1462 crudelissime

150 1512 226 1588 aut
249 1499 505 1600 trucidatos,
533 1512 608 1588 aut
627 1503 675 1587 in
694 1516 816 1590 antra
833 1502 1107 1591 tenebricosa
1127 1515 1171 1589 et

147 1629 300 1720 foetida
320 1633 568 1730 coniectos,
594 1627 708 1718 ultra
725 1627 892 1718 limites
910 1635 1061 1745 patriae
1077 1659 1173 1745 pru·

148 1762 316 1861 lectos,
357 1755 446 1846 fine
483 1775 599 1849 certa
633 1762 722 1847 iam
757 1755 854 1848 sede
889 1770 1173 1848 circumeuntes

147 1917 330 2004 egentes,
357 1897 630 2002 angustiatos,
656 1890 844 2010 afflictos,
866 1896 1003 2002 quibus
1021 1899 1173 2003 dignus

148 2051 225 2104 non
254 2043 342 2106 erat
369 2028 561 2119 meander,
600 2018 709 2107 ch.
735 2017 819 2108 XI.
848 2047 910 2126 37.
942 2038 1002 2119 38.
1069 2017 1174 2134 Spo-

146 2145 279 2244 liatur
306 2142 498 2236 Ecclesia
533 2148 786 2236 auctoritate
820 2144 1044 2258 legitima,
1081 2147 1173 2236 hie·

147 2274 336 2376 carcha,
362 2305 388 2364 a
406 2273 573 2389 Spiritu
594 2272 738 2365 sancto
760 2289 810 2364 ut
829 2304 927 2364 eam
945 2291 1173 2389 regerent,

148 2407 403 2504 constituti,
431 2400 517 2493 suis
548 2419 769 2494 exuuntur
792 2406 991 2504 iuribus,
1022 2405 1174 2495 divina

32 2612 36 2618 .
146 2536 421 2647 humanaque
441 2512 784 2648 permiscentul‚
807 2551 935 2650 atque
957 2534 1062 2626 dum
1080 2535 1170 2626 frae-

144 2694 203 2753 na
237 2661 439 2751 laxantur
475 2665 763 2768 criminibuS,
797 2667 894 2785 ipsa
931 2690 1066 2782 regna
1100 2664 1168 2756 de·

144 2793 323 2901 hiscum
350 2803 395 2882 et
420 2806 639 2884 corruunt

227 3046 402 3138 Frustra
437 3040 553 3137 malo
590 3054 815 3164 ingruenti
851 3077 1057 3164 aggerem
1091 3049 1169 3143 hu-

128 3209 274 3269 mana
303 3183 412 3268 ratio
443 3182 649 3293 opponit,
677 3177 848 3296 solaque
883 3177 1078 3294 superest
1105 3211 1168 3270 re·

140 3308 276 3423 ligio,
304 3335 399 3426 quae
426 3303 599 3398 vulneri
624 3313 704 3402 vix
725 3339 816 3400 non
835 3309 1060 3427 desperato
1078 3340 1166 3399 me-

56 3475 59 3481 ·
143 3440 304 3528 deatur.
371 3437 432 3526 Ac
468 3438 694 3554 profectu,
737 3440 957 3530 Divinum
990 3436 1167 3531 salvato·

140 3560 236 3656 rem
281 3563 515 3683 Apostolos
558 3564 655 3659 suos
699 3568 814 3658 haud
858 3568 958 3659 aliis
998 3574 1166 3674 armis,

139 3726 271 3815 quam
297 3693 527 3811 Evangelii
557 3698 834 3812 dogmatibus
856 3702 1091 3788 instructus
1112 3705 1165 3791 in

135 3831 396 3918 universum
424 3855 508 3942 qua
535 3823 620 3915 late
648 3841 767 3942 patet
793 3828 970 3941 orbem,
1000 3828 1164 3918 densis·

138 3961 264 4047 simis
283 3950 537 4046 idololatriae
559 3957 751 4050 tenebris
770 3985 818 4046 ac
839 3960 1075 4049 criminum
1094 3960 1162 4049 fae»
