2460 4560
97 477 187 583 quid
211 481 261 555 ibi
281 479 482 554 recitabitur
500 479 771 576 Evangelium?
797 477 974 576 Nunquid
1002 470 1117 535 clm·

96 598 307 700 prophetias
327 596 479 670 audituri
495 598 643 668 sumus?
693 596 871 700 Nunquid
889 599 977 694 epis·
1001 581 1136 701 Xlell.

96 723 189 792 tolas'
206 716 467 812 Apostolorum
487 713 613 785 lecturi
635 713 784 788 sumus?
823 714 976 807 Quare?
992 707 1135 776 m

98 835 198 929 Quia
237 831 407 906 deficiunt
442 846 579 918 voces,
624 851 804 905 crescente
837 831 975 907 verbot

96 952 184 1047 quia
213 959 300 1020 illum
329 967 449 1038 oportet
478 973 627 1033 crescere,
662 976 710 1020 me
735 970 841 1021 autem
867 960 999 1043 minui..

98 1069 149 1141 Et
165 1066 315 1140 verbum
337 1063 480 1159 quidem
506 1089 571 1160 per
595 1089 633 1136 se
654 1063 773 1160 ipsum
796 1091 863 1138 nec
886 1080 977 1138 cres·

98 1185 168 1270 cit,
195 1208 262 1255 nec
280 1179 400 1252 deficit
416 1179 453 1250 in
471 1205 519 1251 se.
568 1179 610 1251 In
629 1181 733 1254 nobis
753 1200 870 1254 nutem
888 1208 979 1255 eres

100 1327 180 1375 cere
201 1280 346 1384 dicitur,
368 1321 451 1370 cum
471 1296 694 1393 proficiendo
716 1299 754 1372 in
772 1299 872 1372 illurn
890 1314 979 1373 cres·

98 1417 231 1490 cimus:
260 1415 346 1486 ficut
366 1412 493 1485 crescit
510 1413 547 1483 in
568 1413 678 1487 oculis
698 1418 780 1506 lu'X,
803 1442 886 1490 cum
903 1402 979 1491 acie

100 1532 374 1608 convalescente
407 1529 547 1602 videtur
584 1531 756 1628 amplius,
794 1559 881 1630 quae‘
904 1521 980 1608 acie

99 1656 292 1746 languente
326 1646 443 1718 minus
477 1647 599 1740 utique
632 1647 830 1721 videbatur.=
887 1649 979 1742 Quae

62 1855 65 1859 ὓ
100 1767 219 1840 minor
250 1783 322 1863 erat
350 1760 461 1835 oculis
489 1761 613 1856 aegris,
641 1762 754 1835 maior
784 1783 836 1837 est
866 1765 981 1838 oculis

102 1882 217 1954 lanis:
247 1906 328 1952 cum
349 1869 424 1975 ipsa
445 1903 567 1974 perse
590 1877 701 1974 ipsam
725 1905 793 1978 nec
815 1898 895 1953 ante
918 1883 981 1954 im-

101 1999 239 2072 minuta
266 1998 328 2084 fit,
359 2023 404 2067 ne
433 1995 665 2091 postmodum
691 1996 850 2070 creverit.
903 1998 980 2070 Mt-

102 2116 224 2188 nu'itur
243 2114 327 2208 ergo
343 2112 571 2186 ministerium
585 2111 686 2189 vocis
697 2144 717 2202 ,··
730 2100 810 2186 clun
827 2114 867 2187 fit
884 2132 981 2187 men·-

101 2226 148 2306 'tis
197 2232 387 2327 profectus
422 2231 468 2303 ad
501 2220 673 2303 Verbum.
741 2221 795 2305 lta
837 2243 995 2328 oportet·

106 2340 290 2421 Christum
314 2370 493 2433 crescere,
520 2347 694 2420 loannem
718 2369 836 2422 autem
858 2349 980 2433 minui.
1043 2443 1048 2451 .

105 2466 190 2538 Hoc
220 2465 772 2562 eorumindicantpassiones.1
803 2463 898 2537 Nam
925 2467 983 2537 Jo-

106 2607 217 2675 {mnes
244 2566 398 2674 minutus
425 2599 491 2668 est,
520 2603 627 2653 caesus
653 2582 796 2678 capite3·
819 2581 984 2655 Christus

107 2703 280 2772 exaltatus
299 2718 371 2782 est,
391 2698 502 2772 crevit
519 2717 685 2794 tanquam
701 2697 738 2770 in
757 2725 871 2771 eruce.
898 2699 982 2772 Hoc

106 2831 232 2888 eorum
257 2814 417 2887 indicant
443 2817 573 2886 natales
603 2815 687 2887 dies.
745 2814 841 2887 Nam
866 2841 887 2887 a
910 2815 983 2887 Na·-

107 2922 177 3006 eali'
199 2933 343 3005 loannis
374 2930 547 3035 incipiunt
578 2932 714 3005 dierum
746 2924 983 3020 detrimenta;

106 3074 130 3121 a
169 3037 302 3120 Christi
341 3069 459 3120 autem
493 3061 711 3123 renovantur
747 3053 984 3143 augmentu‘c
1085 3062 1087 3066 '

107 3165 332 3236 Postremum
346 3165 416 3237 hoc
429 3164 496 3235 inm
506 3165 538 3236 S.
551 3166 694 3240 Doctor
707 3167 805 3238 serm.
817 3158 883 3237 Xl.
895 3163 933 3256 a)
946 3166 985 3238 in

108 3280 230 3354 Natali
262 3280 414 3353 Domini
450 3299 657 3368 notaveram
697 3302 911 3389 revocatque
947 3283 984 3354 iu

107 3397 339 3470 memoriam:
367 3398 466 3494 quod
489 3397 590 3470 etiarn
612 3397 644 3470 S.
666 3397 866 3471 Bernartius
883 3402 983 3472 serm.

109 3516 157 3587 de
183 3514 215 3586 S.
243 3513 380 3586 loanne
406 3514 507 3611 Baptr
538 3514 577 3585 in
608 3515 732 3587 eadem
758 3517 986 3612 praecursoris

107 3622 220 3706 Verba
256 3651 425 3728 perorat:
480 3684 502 3718 „
513 3631 737 3725 Quomodo,
755 3654 757 3659 ’
780 3631 897 3727 inquit
925 3630 961 3722 b)
977 3687 988 3723 ,-

109 3747 255 3820 minui‘?
287 3747 520 3849 'Splendore'
544 3750 694 3846 utique,
729 3775 803 3821 non
835 3748 987 3822 fervores

110 3863 277 3938 Retrax-it
306 3866 449 3955 ra‘dios,
484 3867 667 3963 recollegit
692 3892 752 3954 se,
788 3891 834 3938 ne
863 3854 990 3952 fieret,'
1028 3931 1031 3936 ,

154 4012 185 4096 a)
200 4011 417 4106 Sermthl'IVg
431 4035 459 4102 ²¹2
472 4033 497 4102 ις
509 4030 536 4092 p.
552 4027 614 4100 ⁸990,
690 4018 719 4098 t)
737 4015 806 4076 Tou.
818 4015 875 4078 111.
883 4029 909 4088 P·
922 4024 985 4085 987.
