2460 4560
167 331 213 398 82
562 303 793 335 u

67 498 73 509 “
168 481 223 542 tihi
241 488 374 558 peccata
400 488 478 538 tua:
504 464 648 561 quidam
680 464 725 535 de
753 462 884 536 Scribis
911 461 1082 539 dixerunt
1106 467 1186 542 intra
1226 496 1228 501 ·

167 613 223 658 sc:
253 594 309 655 Hic
336 594 536 674 blasphemat.
589 580 684 674 Quia
712 578 875 653 nimirum
903 581 1063 655 sciebant
1088 585 1186 659 solius

166 702 240 774 Dei
259 728 350 787 esse,
375 699 547 771 dimittere
568 722 722 794 peccata.
775 695 882 783 Unde
905 698 1003 795 apud
1022 701 1187 774 Marcum

166 839 202 891 et
223 819 355 890 Lucam
381 816 556 889 habetur:
597 825 674 908 Quis
702 835 747 885 est
769 823 840 900 bic,
877 828 931 907 qui
952 826 1094 908 quuitur
1117 829 1185 891 blas·

161 943 325 1027 phemius?
351 942 429 1025 Quis
442 954 549 1023 potest
571 944 726 1004 dimittere
736 948 887 1021 peccata,
908 941 1072 1021 uisisolus'
1086 944 1185 1007 Deus?

163 1049 326 1124 Accessit
343 1049 400 1120 hic
418 1069 554 1122 novum
578 1047 770 1122 divinitatis
794 1069 1067 1143 argumentum,
1094 1051 1185 1148 quod
1224 1050 1226 1055 ’

163 1167 261 1263 apud
292 1192 418 1239 omnes
453 1181 525 1238 ttes
551 1165 795 1261 Evangelistas
825 1164 998 1259 habetur,
1021 1169 1100 1242 hacc
1129 1194 1184 1240 eos

164 1283 335 1379 cogitasse
356 1283 448 1355 intra
473 1310 520 1357 set
584 1284 662 1372 „Et
689 1308 771 1355 cum
796 1280 944 1355 vidisset
970 1282 1073 1386 Jesus
1100 1285 1184 1380 cogi·

163 1401 313 1474 tationes
335 1413 476 1487 eorum,
504 1399 614 1471 dixitr
656 1399 707 1471 Ut
731 1389 1012 1495 quidcogitutis
1040 1403 1182 1474 malain

163 1515 332 1590 cordibus
353 1515 510 1589 Vestris?
538 1515 638 1610 Quid
659 1535 713 1589 est
736 1514 871 1590 facilius
895 1515 1036 1589 dicere:
1065 1517 1184 1590 Dimit-

163 1652 285 1707 tuntur
312 1632 376 1704 tibi
403 1650 547 1730 peccata
571 1652 652 1719 tua,
679 1659 723 1704 au
754 1634 893 1706 dicere:
931 1631 1044 1729 Surge
1069 1657 1104 1708 et
1123 1662 1184 1707 am·

162 1751 277 1824 bula?
304 1747 354 1823 Ut
377 1771 493 1826 autem
518 1750 650 1836 sciatiS,
678 1751 760 1847 quia
783 1750 875 1823 filius
896 1750 1057 1823 hominis
1086 1753 1185 1825 habet

163 1886 394 1966 potestatem,
413 1866 612 1940 dimittendi
632 1886 796 1963 peccata,
817 1887 902 1940 tunc
915 1867 962 1940 ait
973 1858 1182 1966 paralytico:

163 1985 274 2079 Surge
310 1987 395 2055 tolle
432 1988 561 2057 lectum
600 2005 722 2070 tuum,
768 2002 803 2056 ‘et
836 1984 1185 2058 undeindomum

162 2119 270 2172 tuam.
306 2099 354 2169 Et
373 2100 523 2170 surrexit
538 2099 624 2173 abiit
645 2099 682 2170 in
706 2100 852 2172 domum
870 2103 979 2175 suam.
1014 2101 1185 2174 Videntes
1205 2156 1218 2190 ·.

163 2237 279 2289 autem
302 2215 414 2284 turbae
435 2214 647 2301 timuerunt,
675 2235 710 2287 et
739 2217 1031 2311 glorificaverunt
1050 2217 1183 2304 Deum,

162 2331 225 2430 qui
250 2330 348 2403 dedit
367 2349 576 2427 potestatem
598 2334 702 2404 talem
725 2333 939 2409 hominibus.
1018 2333 1051 2423 ⁸.

1226 2216 1228 2221 .
1213 2080 1228 2169 -Δμ-

212 2551 312 2660 Quid
334 2546 444 2638 turbae
467 2547 524 2639 bic
545 2549 698 2664 'aiibi'que
717 2552 768 2642 ad
786 2583 881 2642 tanta
900 2564 1183 2647 miracula-dixe-

160 2683 233 2756 rint
262 2684 323 2756 au‘t
348 2685 505 2779 egerint,
532 2706 675 2757 narrant
698 2686 959 2782 Evangelistae,
997 2690 1062 2783 qui
1091 2717 1183 2776 rem,

161 2827 203 2873 ac
219 2800 246 2872 si
265 2801 461 2896 proletariae
483 2818 615 2888 essent,
636 2802 723 2875 mira
740 2802 955 2898 srmplicitate
975 2800 1183 2880 et'candore

160 2918 338 3003 referunt,
378 2943 453 2989 non
480 2919 688 2992 extollendo
715 2933 775 3012 aut
802 2918 987 3004 ornand03
1020 2922 1109 2996 dum
1138 2923 1185 2994 in·

160 3033 236 3108 vidi
262 3058 351 3105 vero
378 3033 518 3127 quidvis
549 3033 774 3128 excogitant,
802 3056 842 3105 ut
869 3037 1042 3131 carpendi
1068 3065 1185 3112 ansam

161 3132 356 3247 attinerent
366 3149 545 3252 religionis
561 3149 662 3220 etiam
682 3151 875 3245 praetextu,
898 3153 970 3225 hoc
987 3152 1070 3249 ipso
1090 3156 1184 3229 mira-

163 3271 325 3341 culorum
360 3265 542 3343 veritatem
580 3267 796 3354 adstruunt,
834 3286 939 3362 atque
973 3293 1183 3364 agnoscunt.

113 3387 116 3394 ’
163 3385 258 3456 Tale
281 3403 334 3456 est
352 3382 459 3470 iliud,
487 3384 587 3478 quod
611 3384 759 3457 sabbato
783 3406 929 3457 curaret.
992 3370 1081 3478 Quo
1105 3390 1183 3486 ipso

67 3541 71 3550 ·
161 3525 251 3571 vero
285 3526 322 3572 se
355 3498 467 3572 vetc'ri
500 3504 609 3596 leget
648 3502 860 3598 Moyseque
895 3504 1115 3598 superiorem
1147 3526 1183 3577 ac

163 3615 366 3688 Dominum
398 3616 533 3688 sabbati
571 3618 856 3702 demonstrabat,
900 3637 939 3689 ut
974 3618 1181 3705 Pharnacis,

161 3731 359 3827 discipulos
385 3725 638 3829 carpentibus,
675 3734 777 3829 quod
805 3732 951 3804 sabbato
978 3735 1091 3831 spicas
1119 3740 1182 3811 'vel-

164 3855 298 3935 lerent,
324 3849 509 3943 respondit
534 3847 593 3939 a):
623 3861 771 3959 Dominio
796 3862 875 3921 enim
900 3871 945 3924 est
971 3861 1072 3925 Filius
1091 3863 1179 3928 tem·

207 3997 239 4076 a)
261 3999 361 4058 Mam).
384 3997 453 4059 XII.
477 4009 502 4063 ᾖ
