2460 4560
99 482 263 559 edictum
295 483 427 558 caesaris
462 487 618 582 Augusti
648 507 821 561 memorat
848 486 909 576 α),
945 508 984 561 ut
1002 481 1115 546 CUM

100 602 365 674 describeretur
390 603 576 676 universus
605 605 724 692 orbis,
751 606 897 700 quando
922 605 986 676 sm-
1008 597 1114 660 lell·

100 719 220 816 gulari
239 718 313 790 Dei
330 719 557 816 providentia
575 721 706 792 facturn
727 742 796 809 est,
823 742 863 799 ut
883 714 1137 796 Chri-”W

100 856 179 908 stus
213 835 251 907 in
290 835 499 907 Bethlehem
530 858 754 909 nasceretur:
795 839 895 934 quod
931 856 984 910 est
1045 899 1048 904 .

100 950 420 1024 luculentissimum
445 966 712 1048 argumentum,
740 979 810 1050 pro
836 953 984 1029 Christo

99 1068 188 1140 Jesu
222 1092 309 1140 vero
347 1069 508 1155 Messia,
549 1069 683 1170 quippe
709 1069 772 1165 qui
800 1070 914 1142 adhuc
945 1069 984 1143 iu

100 1205 208 1258 utero
228 1184 346 1287 matris
369 1184 407 1255 in
430 1185 508 1280 ipsa
531 1187 618 1256 urbe
642 1186 745 1282 regiae
774 1186 885 1282 stirpis
908 1184 987 1260 Da«

100 1301 166 1376 vid
193 1300 400 1371 Bethlehem
427 1300 529 1372 iussis
555 1301 711 1398 Augusti
734 1328 861 1398 parens
888 1303 983 1396 fsep-

102 1436 199 1488 trum
228 1417 273 1488 de
303 1417 402 1488 luda·
426 1418 581 1491 ablatum
616 1419 872 1522 demonstravit
904 1418 981 1513 ipse
1075 1417 1080 1426 ’

104 1533 271 1606 Christus
309 1532 464 1605 Messias
502 1562 584 1608 cum
614 1536 842 1633 parentibu53
886 1533 982 1610 idem

101 1670 224 1738 tamen
248 1673 492 1744 argumentum
511 1652 606 1729 idern
629 1653 660 1721 S.
683 1653 796 1723 Lucas
822 1677 896 1721 non
919 1648 981 1718 mi·

100 1794 173 1838 nus
202 1770 415 1852 luculenter,
445 1787 480 1838 et
507 1768 623 1838 adbuc
653 1765 830 1838 dissertius
856 1767 984 1861 depro-

98 1883 168 1955 mit
185 1879 242 1972 b),
263 1883 348 1956 dum
371 1882 475 1954 nobis
491 1869 688 1979 'auspicium
706 1881 880 1954 missionis
900 1880 982 1955 Jesu

103 1998 240 2072 Christi
274 1998 421 2071 Messiae
451 2019 567 2074 narrat
600 1999 638 2070 in
667 1999 741 2070 eius
767 2023 980 2095 praecursore

99 2116 261 2199 lotione,
290 2115 334 2186 de
360 2141 433 2211 quo,
455 2115 573 2213 prius,
601 2139 758 2190 enarratu
776 2115 853 2187 eius
875 2118 982 2210 plenu
1055 2157 1063 2183 r

98 2231 280 2331 miraculis
306 2231 502 2320 nativit-ate,
531 2236 672 2306 demum
695 2232 793 2304 addit
817 2228 872 2320 c):
901 2241 982 2303 Puer

99 2371 210 2420 autem
231 2358 399 2433 crescebat„
415 2370 446 2419 et
463 2360 696 2438 confortabatur
701 2361 839 2439 spiritu:
865 2370 895 2419 et
912 2368 981 2427 erni
1044 2337 1053 2354 ¹

97 2478 136 2536 in
176 2474 301 2535 desertis
337 2492 432 2555 usqne
464 2477 497 2536 in
528 2477 606 2537 diem
639 2456 816 2536 ostensionis
838 2472 904 2552 siut
939 2475 982 2538 nd
1043 2484 1045 2489 ’

99 2589 222 2677 Israel,
249 2598 289 2652 ut
309 2578 472 2661 nimirum
497 2606 572 2652 esse
596 2579 989 2656 Gh1·istuijessiam.

100 2722 228 2773 coram
248 2682 478 2781 nron‘straret,
506 2695 854 2797 demonstraretque:
883 2695 981 2770 cuius

98 2813 418 2889 demonstret-ionis
449 2832 555 2907 caput
588 2832 683 2900 erat,
727 2812 881 2888 ablatum
908 2837 983 2885 esse

98 2933 285 3024 sceptrum¹
301 2929 345 3005 de
367 2929 457 3000 luda
477 2949 512 3001 et
529 2929 656 3004 ducem
676 2929 720 3005 de
738 2930 873 3006 femore
894 2928 980 3014 eius,

99 3047 193 3118 dum
217 3045 407 3131 Christus,
442 3072 517 3122 non
544 3047 588 3121 de
615 3047 751 3119 femore
776 3044 885 3131 luda,
920 3045 983 3124 sed

99 3162 153 3234 de
181 3161 302 3236 Maria
327 3161 464 3255 virgine
495 3183 618 3247 nutus,
647 3184 731 3240 tune
759 3162 981 3248 ostenditur,

99 3279 255 3374 quando
292 3279 336 3348 ad
368 3277 581 3371 alienigenas
613 3278 765 3360 delatum
802 3300 866 3369 est,
888 3280 983 3371 scep7

96 3415 219 3478 trum,
248 3395 477 3478 etducatus,
504 3393 565 3487 qui
590 3392 738 3487 perstitit
765 3412 848 3486 post
876 3392 983 3486 capti-

96 3512 253 3587 vitatem
283 3509 539 3604 Babylonicum
572 3514 668 3604 apud
697 3509 826 3585 tribum
855 3507 985 3593 luduin

95 3628 142 3700 in
168 3625 388 3711 Asmonaeis‚
416 3646 596 3722 resumpto
625 3625 728 3697 etiam
754 3624 800 3695 ab
825 3623 983 3701 Hircauo
1013 3672 1016 3678 ·

99 3741 305 3817 diademate
323 3744 381 3814 seu
407 3744 563 3838 sceptro,
584 3769 688 3837 quem
711 3767 783 3811 non
804 3739 851 3812 ita
868 3745 982 3815 multo

96 3879 189 3959 post
217 3858 355 3933 Herodi
385 3859 587 3953 alienigene
608 3859 764 3943 Idumreo
799 3857 981 3960 Augustus

100 3990 104 3995 '
144 4007 176 4082 a)
198 4008 264 4076 nn,
286 4005 325 4070 ιι.
352 4025 376 4071 ι.
462 3998 550 4084 un.
577 4009 634 4079 111,
660 4026 684 4069 1.
768 4009 796 4086 c>
822 4009 858 4070 n.
885 4009 908 4086 1,
933 4018 976 4077 m.
