2460 4560
553 271 566 295 Γ
775 288 778 292 .

560 315 790 346 -

559 358 789 371 ...-.-...-.-

170 340 239 404 100

164 479 288 554 mundi
309 465 432 564 vocat,
462 494 515 561 et,
533 481 580 560 stc
607 485 731 560 luceat,
767 474 833 564 ait,
867 464 924 548 lux
948 457 1058 549 oeitra
1083 506 1172 551 corum

164 606 356 681 hominibus,
384 616 421 666 ut
443 604 573 664 uideant
599 619 692 680 opera
714 615 821 662 vestra
846 601 944 682 bona,
977 621 1054 666 non
1077 582 1177 692 opera
1221 672 1224 683 ,

53 766 56 786 ,Ἰ
89 748 91 751 ·
157 713 276 809 ¹legis,
303 737 409 808 quam
437 709 630 780 aboliturus
655 729 754 779 esset.
824 696 899 780 Sed
922 711 1044 806 quid?
1087 725 1177 785 Nolite
1221 742 1224 817 j

158 854 293 923 putore,
316 841 391 919 quia
411 839 482 896 ocni
491 834 617 914 jblvt’fe
636 835 745 910 legem,
762 833 824 912 sed
844 836 1010 918 adimplere
1017 870 1031 914 ‚·
1056 854 1177 928 nempe

163 948 264 1044 quod
293 969 355 1032 ea,
396 967 474 1037 quae
507 941 543 1011 in
580 942 692 1015 veteri
726 935 936 1016 testamento
978 965 1119 1021 tantum
1145 948 1182 1019 in

161 1066 277 1160 figura
303 1059 561 1156 contingebant
586 1085 625 1130 ac
648 1079 754 1154 typ0‚
778 1057 815 1130 in
840 1051 987 1134 Christo
1013 1086 1114 1138 erant
1129 1065 1179 1138 ad·

158 1178 364 1276 implenda3
388 1205 428 1249 ea
447 1202 534 1250 vero
555 1201 632 1270 quoe
653 1178 767 1270 legem
787 1181 955 1249 moralem
977 1180 1196 1268 attinebant„

157 1298 208 1371 'ad
231 1281 400 1368 maiorem
422 1293 675 1392 perfectionem
703 1293 931 1383 deducenda,
956 1316 993 1368 et
1016 1323 1096 1393 quae
1116 1324 1180 1372 cor·

90 1439 92 1446 ’
156 1420 268 1509 'rupta
295 1432 399 1507 atque
430 1411 590 1494 detorta,
629 1410 882 1497 restauranda3
916 1402 1093 1487 uride'ait
1118 1404 1177 1504 ὣς

163 1536 242 1600 Dico
264 1536 343 1600 enim
362 1537 473 1613 vohis,
509 1539 586 1618 quia
611 1538 669 1595 nisi
697 1535 905 1599 abundaverit
928 1532 1064 1605 iustitio*
1081 1553 1180 1602 vestra

155 1659 229 1739 plus
251 1672 345 1738 quam
366 1653 540 1729 Scribarum
560 1665 591 1714 et
615 1652 860 1730 Potentiorum,
893 1666 953 1716 nou
974 1659 1133 1720 intrabitis
1151 1660 1180 1718 in

159 1743 286 1850 ‘reguum
304 1771 454 1832 colorum.
506 1759 618 1831 Tunc
639 1786 725 1831 mox
748 1759 872 1856 incipit
891 1757 1085 1837 collatione
1103 1788 1180 1861 prae·

164 1895 355 1978 ceptorum
376 1877 504 1950 veteris
533 1877 621 1972 legis
653 1874 812 1954 divinum
838 1877 949 1949 illud:
989 1889 1055 1966 Ego
1084 1903 1180 1953 autem

45 1987 47 1990 ,
103 2007 113 2056 f
162 2009 230 2069 dico
249 2006 356 2080 vobis,
383 1993 565 2078 insonare,
590 1994 719 2088 datque
742 1993 905 2066 Christus
924 1996 1021 2090 leges
1039 1997 1180 2094 proprio

160 2116 225 2186 suo
247 2110 414 2194 nomine,
442 2107 621 2180 redivina
643 2109 755 2181 Verbi
777 2110 947 2184 incarnati
968 2114 1182 2201 auctoritate,

52 2231 54 2234 ’
161 2229 264 2326 quod
293 2226 450 2322 Moyses
483 2221 517 2296 et
545 2225 731 2321 prophetoe
761 2227 939 2300 faciebant
967 2230 1118 2303 nomine
1146 2257 1182 2303 ac
1217 2307 1219 2328 ⁵

46 2385 51 2396 ·
160 2363 342 2444 praecepto
367 2339 440 2412 Dei
460 2342 637 2414 dicendo:
662 2346 825 2416 Haecdicit
843 2353 1005 2419 Dominus.
1058 2347 1180 2444 igitur,

82 2461 86 2472 ’
160 2473 315 2548 onustis,
342 2460 420 2532 infit
446 2456 500 2548 b),
527 2471 603 2551 quia
626 2470 742 2531 dictum
765 2483 810 2532 est
832 2473 992 2553 antiquis.-
1022 2474 1093 2559 Non
1113 2476 1182 2537 occi·

74 2585 76 2589 ’
160 2591 234 2652 des:
261 2589 315 2670 qui
336 2599 440 2649 autem
460 2586 624 2664 occiderit,
647 2604 715 2649 reus
738 2590 798 2650 erit
817 2582 943 2650 iudicio.
990 2575 1061 2666 'Ego
1084 2605 1181 2655 autem

160 2708 229 2768 dico
249 2696 361 2782 uobis,⁴
394 2707 474 2787 quiq
494 2706 613 2780 omnis,
640 2706 695 2786 qui
719 2706 866 2765 irascitur
880 2706 985 2784 fratri
998 2705 1089 2785 suo,
1120 2724 1182 2771 reus

160 2824 220 2884 erit
236 2822 351 2882 iudicio
371 2833 427 2882 etc.
470 2810 570 2903 Quid
591 2837 679 2883 vero
693 2811 849 2906 ⁸gravius'-
865 2810 910 2883 ad
930 2812 1181 2889 inculcandum

18 2941 25 2962 “
100 2916 104 2922 ’
157 2931 231 3003 ·hoc
256 2929 370 3003 venite
397 2949 528 3001 mutuae
558 2949 773 3026 pracceptum
805 2928 874 3000 dici
901 2929 1041 3026 potuit,
1080 2957 1181 3028 quam

161 3048 246 3120 dum
277 3047 447 3142 praecepit
479 3045 676 3140 relinquere
712 3045 730 3138 (
748 3045 848 3141 quod
878 3044 1100 3142 praecipuum
1133 3066 1179 3120 est

159 3185 320 3262 nostrum
345 3188 427 3257 erga
449 3161 571 3257 Deum
595 3159 780 3250 officium)
804 3187 934 3235 munus
953 3183 1037 3235 ante
1059 3169 1179 3251 altare,

161 3278 316 3377 etprius
338 3276 558 3350 reconciliari
583 3279 697 3349 fratri:
728 3276 1083 3379 consentientemque
1110 3308 1179 3357 esse

135 3387 373 3471 edversario.
399 3408 489 3483 cito,
528 3393 580 3467 uti
610 3395 683 3483 ait,
723 3409 795 3468 dnm
832 3395 940 3469 artlruc'
969 3405 1005 3467 iu
1038 3412 1098 3470 oia
1131 3427 1177 3484 es,

160 3509 464 3609 quandoquidem
490 3512 527 3582 in
570 3512 730 3585 oratione
772 3510 951 3586 dominica
979 3509 1180 3613 benignissi·

160 3656 258 3702 mum
280 3626 426 3700 Numen
441 3629 542 3701 ‘hanc
565 3629 670 3702 nobis
697 3630 905 3702 debitorum'
926 3633 1180 3729 compensatio·

160 3772 241 3818 nem
268 3745 538 3847 clementissime
568 3747 734 3834 indulsit,
759 3749 863 3819 v'dum
895 3772 1000 3821 orare
1028 3755 1100 3822 nos
1123 3749 1177 3820 do·

100 3868 101 3871 ’
161 3882 216 3935 cet
235 3859 288 3951 c):
316 3851 503 3949 „Dimitte
525 3863 628 3935 nobis
647 3863 767 3938 debita
787 3884 928 3951 nostra,
956 3860 1045 3938 ficut
1064 3862 1099 3940 et
1118 3889 1176 3938 nos

203 3982 233 4088 i)
255 4013 354 4070 Manu.
377 4013 410 4074 V.
432 4029 474 4068 20.
559 4013 588 4086 b)
610 4014 648 4076 lt.
673 4030 717 4074 21,
802 4013 893 4088 qn.
928 4014 1118 4079 V1.u.ete.
1221 4082 1224 4116 :
