2460 4560
447 286 451 294 ι

429 382 659 398 *-

913 374 985 445 297

185 497 376 572 Paradoxa
401 523 476 569 esse
502 497 656 575 debebat
673 498 795 582 Judaeo
816 523 892 578 vox
914 501 988 572 haec
1018 495 1137 579 Cim,

101 617 301 701 clamantis
322 616 357 687 in
378 614 541 743 deserto²
568 616 797 711 provocantis
820 617 864 696 ad
886 642 991 711 agen·
1021 615 1126 675 XV¹¹¹·

104 737 197 808 dam
235 732 501 830 poenitentiam,
546 720 712 828 exemplo
747 759 893 837 quoque
925 731 1144 805 [ῑιο“ΛΝ

104 851 195 926 vitae
233 871 305 921 tam
337 868 506 940 austerae,
542 869 577 920 et
604 850 649 921 ab
679 851 778 924 omni
803 852 1027 923 hominumS·
1045 855 1129 920 Joan.

106 965 299 1048 consortio
329 986 484 1052 remotae.
547 966 679 1045 Coram
711 969 903 1049 cernebant
933 937 1131 1076 1ιι,;ἶθίἃΒ;ξ;

108 1083 180 1157 daei
207 1083 410 1160 Romanam
439 1103 524 1154 tunc
549 1082 739 1157 adultam
730 1110 797 1154 ram
829 1104 985 1178 quartam
1000 1103 1078 1157 Verbi
1097 1103 1136 1156 di·

108 1201 229 1298 apud
244 1199 430 1285 Danielem
457 1200 698 1283 adumbratam
726 1185 1097 1291 monarchiam,Vlni
1078 1202 1118 1238 ¹¹¹·

108 1341 195 1414 queo
225 1335 298 1388 erat
328 1317 542 1387 conterenda
573 1343 638 1412 per
661 1317 853 1406 messiam,
889 1269 1106 1394 mimante

108 1459 272 1528 regnum
301 1459 365 1528 per
397 1433 598 1504 universum
629 1435 753 1505 orbem
781 1453 852 1507 tam
877 1437 991 1532 splen-

110 1550 200 1622 dide
230 1531 440 1634 describitur
461 1547 603 1641 Daniel.
628 1550 709 1622 VII.
740 1561 836 1623 Dedit
857 1567 885 1623 ei
901 1573 991 1642 pote·

110 1687 250 1751 statem,
267 1677 475 1751 reboantem,
496 1687 687 1749 etregnum:
710 1690 857 1740 etomnes
869 1678 989 1758 populi,

78 1832 81 1836 -
107 1793 233 1872 tribus,
261 1803 292 1852 et
315 1793 420 1878 lingue
441 1793 501 1870 ipsi
517 1789 677 1867 servient:
697 1803 839 1871 potestas
856 1793 922 1858 eius
932 1813 992 1872 po·

110 1920 215 1972 testas
238 1919 369 1987 eterno,
407 1924 470 1988 que
499 1924 559 1972 non
585 1905 770 1984 auferetur:
807 1919 838 1971 et
867 1925 989 1982 reguum

94 2028 200 2100 ¹etur,
226 2023 310 2104 quod
325 2042 383 2083 non
399 2015 618 2102 corrumpetur,
669 1990 754 2098 Haec
774 2040 863 2097 vero
885 2015 990 2091 nobis

113 2132 165 2203 de
199 2155 312 2224 regno
338 2128 468 2204 Christi
489 2129 676 2224 perspicua
697 2133 794 2218 sunt,
834 2157 912 2234 quae
934 2157 993 2217 co-

95 2268 192 2320 ram
226 2244 399 2318 cernimus
429 2244 465 2329 in
499 2246 658 2330 Ecclesia
687 2249 813 2329 diffusa
840 2275 905 2346 per
934 2275 990 2325 οῖ’·

108 2366 220 2449 bem,
246 2361 373 2435 ludaeis
397 2361 477 2439 solis
504 2388 579 2448 non
608 2365 805 2459 persuasis,
833 2367 894 2462 qui
916 2369 990 2464 spe·

108 2475 219 2566 rant,¹
243 2505 284 2551 ac
309 2497 394 2552 tunc
422 2478 573 2551 maxime
597 2482 784 2577 sperabant
815 2484 991 2558 Messiam

112 2616 338 2691 venturum,
376 2593 459 2680 alias
491 2623 616 2669 omnes
645 2597 767 2694 potius
793 2601 993 2673 excisurum
1032 2632 1034 2643 ¹

93 2732 265 2814 ,gentes,
300 2731 480 2807 quotquot
513 2712 583 2807 legi
615 2715 684 2786 suae
714 2741 790 2788 non
820 2718 993 2813 obseque-

96 2851 260 2916 rentur,
278 2828 517 2915 instituturum
534 2830 626 2903 inter
643 2832 723 2904 suos
741 2834 993 2936 amplissimum

109 2972 286 3043 regnum,
310 2943 550 3019 restituturum
576 2973 683 3020 aurea
706 2969 883 3045 tempora,
910 2952 995 3023 libe·

109 3085 348 3157 satorumque
357 3062 518 3149 lsraelem
531 3092 550 3136 a
561 3065 647 3161 iugo
661 3066 821 3155 ethnic0,
836 3067 992 3164 quoiam

110 3179 189 3278 ipsi
209 3179 273 3250 sub
292 3177 462 3265 Romano
485 3181 639 3281 Imperio
662 3186 929 3283 premebantur²
955 3186 993 3255 in

78 3382 80 3387 ¹
109 3322 196 3396 quo
219 3295 323 3367 etiarn
346 3314 451 3381 tunc,
478 3315 517 3367 ut
543 3321 588 3377 ex
610 3297 780 3371 Suetonio
801 3299 838 3369 in
859 3299 996 3397 Vespa·

78 3416 222 3490 „siano
260 3412 453 3499 discimus,
493 3412 695 3508 percrebuit
730 3413 879 3498 Oriente
915 3434 994 3486 toto

107 3543 226 3605 vetus'
247 3548 281 3600 et
297 3548 464 3600 constans
485 3528 631 3627 opinio,
658 3557 720 3601 esse
737 3537 883 3617 infutis,
903 3552 940 3600 ut
960 3558 995 3608 eo
1098 3602 1101 3609 ,

109 3675 254 3740 ternpore
273 3655 382 3726 Judaea
399 3655 536 3738 profecti
553 3675 655 3734 rtrum
671 3659 858 3739 potirentur,

191 3880 377 3955 Miserunt
411 3881 575 3977 equidem
617 3877 729 3954 Judaei
767 3879 996 3982 ,ierosolymis

109 4000 318 4079 sacerdotes
353 4021 389 4071 et
419 3999 543 4074 levitas
574 4001 619 4073 ad
648 3999 821 4074 Joannem
848 4001 995 4073 interro·
