<?xml version="1.0" encoding="UTF-8"?>
<!DOCTYPE html PUBLIC "-//W3C//DTD XHTML 1.0 Transitional//EN"
    "http://www.w3.org/TR/xhtml1/DTD/xhtml1-transitional.dtd">
<html xmlns="http://www.w3.org/1999/xhtml" xml:lang="en" lang="en">
 <head>
  <title>
</title>
<meta http-equiv="Content-Type" content="text/html;charset=utf-8" />
  <meta name='ocr-system' content='tesseract 3.04.00' />
  <meta name='ocr-capabilities' content='ocr_page ocr_carea ocr_par ocr_line ocrx_word'/>
</head>
<body>
  <div class='ocr_page' id='page_1' title='image "./desublimiinevan01gerbgoog_0184.png"; bbox 0 0 2460 4560; ppageno 0'>
   <div class='ocr_carea' id='block_1_1' title="bbox 78 350 1169 2879">
    <p class='ocr_par' dir='ltr' id='par_1_1' title="bbox 78 350 1169 2878">
     <span class='ocr_line' id='line_1_1' title="bbox 1037 350 1106 440; baseline -0.029 -21"><span class='ocrx_word' id='word_1_1' title='bbox 1037 350 1106 440; x_wconf 72' lang='lat'><em>157</em></span> 
     </span>
     <span class='ocr_line' id='line_1_2' title="bbox 78 466 1144 573; baseline 0.003 -26"><span class='ocrx_word' id='word_1_2' title='bbox 78 484 181 548; x_wconf 83' lang='lat' dir='ltr'><em>Filius</em></span> <span class='ocrx_word' id='word_1_3' title='bbox 224 477 357 557; x_wconf 70' lang='lat' dir='ltr'><em>bominis</em></span> <span class='ocrx_word' id='word_1_4' title='bbox 392 487 543 545; x_wconf 73' lang='lat' dir='ltr'><em>venturus</em></span> <span class='ocrx_word' id='word_1_5' title='bbox 569 486 627 545; x_wconf 72' lang='lat' dir='ltr'><em>esi.</em></span> <span class='ocrx_word' id='word_1_6' title='bbox 701 466 852 550; x_wconf 81' lang='lat' dir='ltr'><em>Faciunt</em></span> <span class='ocrx_word' id='word_1_7' title='bbox 886 467 982 563; x_wconf 81' lang='lat' dir='ltr'><em>bue,</em></span> <span class='ocrx_word' id='word_1_8' title='bbox 1021 503 1108 573; x_wconf 68' lang='lat' dir='ltr'><em>,quae</em></span> <span class='ocrx_word' id='word_1_9' title='bbox 1138 546 1144 556; x_wconf 80' lang='grc'><strong><em>,</em></strong></span> 
     </span>
     <span class='ocr_line' id='line_1_3' title="bbox 78 590 1108 690; baseline 0.002 -25"><span class='ocrx_word' id='word_1_10' title='bbox 78 595 278 689; x_wconf 75' lang='lat' dir='ltr'><em>sequuntur</em></span> <span class='ocrx_word' id='word_1_11' title='bbox 326 592 370 663; x_wconf 94' lang='lat' dir='ltr'><em>de</em></span> <span class='ocrx_word' id='word_1_12' title='bbox 423 590 545 662; x_wconf 88' lang='lat' dir='ltr'><em>decem</em></span> <span class='ocrx_word' id='word_1_13' title='bbox 591 590 788 684; x_wconf 84' lang='lat' dir='ltr'><em>virginibus</em></span> <span class='ocrx_word' id='word_1_14' title='bbox 825 591 896 682; x_wconf 85' lang='lat' dir='ltr'><em>a),</em></span> <span class='ocrx_word' id='word_1_15' title='bbox 951 594 1108 690; x_wconf 89' lang='lat' dir='ltr'><em>quinque</em></span> 
     </span>
     <span class='ocr_line' id='line_1_4' title="bbox 78 706 1109 807; baseline 0.003 -26"><span class='ocrx_word' id='word_1_16' title='bbox 78 709 319 807; x_wconf 87' lang='lat' dir='ltr'>prudentibus</span> <span class='ocrx_word' id='word_1_17' title='bbox 344 710 464 779; x_wconf 86' lang='lat' dir='ltr'><em>oleum</em></span> <span class='ocrx_word' id='word_1_18' title='bbox 491 706 536 776; x_wconf 80' lang='lat' dir='ltr'><em>in&#39;</em></span> <span class='ocrx_word' id='word_1_19' title='bbox 558 707 781 801; x_wconf 85' lang='lat' dir='ltr'>lampadibus</span> <span class='ocrx_word' id='word_1_20' title='bbox 808 709 1042 797; x_wconf 79' lang='lat' dir='ltr'>habentibus,</span> <span class='ocrx_word' id='word_1_21' title='bbox 1069 737 1109 784; x_wconf 79' lang='lat' dir='ltr'><em>ac</em></span> 
     </span>
     <span class='ocr_line' id='line_1_5' title="bbox 78 815 1109 922; baseline -0.002 -22"><span class='ocrx_word' id='word_1_22' title='bbox 78 825 337 922; x_wconf 84' lang='lat' dir='ltr'>vigilantibus,</span> <span class='ocrx_word' id='word_1_23' title='bbox 366 843 401 896; x_wconf 88' lang='lat' dir='ltr'><em>et</em></span> <span class='ocrx_word' id='word_1_24' title='bbox 426 822 528 895; x_wconf 80' lang='lat' dir='ltr'>fatuis</span> <span class='ocrx_word' id='word_1_25' title='bbox 551 815 726 917; x_wconf 70' lang='lat' dir='ltr'><em>quinque,</em></span> <span class='ocrx_word' id='word_1_26' title='bbox 743 845 906 920; x_wconf 44' lang='lat' dir='ltr'><em>&#39;quorum</em></span> <span class='ocrx_word' id='word_1_27' title='bbox 930 825 1109 922; x_wconf 84' lang='lat' dir='ltr'><em>lampades</em></span> 
     </span>
     <span class='ocr_line' id='line_1_6' title="bbox 80 934 1113 1037; baseline -0.002 -21"><span class='ocrx_word' id='word_1_28' title='bbox 80 948 163 1016; x_wconf 91' lang='lat' dir='ltr'><em>oleo</em></span> <span class='ocrx_word' id='word_1_29' title='bbox 186 941 394 1027; x_wconf 83' lang='lat' dir='ltr'><em>deficiente,</em></span> <span class='ocrx_word' id='word_1_30' title='bbox 424 941 509 1012; x_wconf 93' lang='lat' dir='ltr'><em>dum</em></span> <span class='ocrx_word' id='word_1_31' title='bbox 527 963 669 1010; x_wconf 88' lang='lat' dir='ltr'><em>moram</em></span> <span class='ocrx_word' id='word_1_32' title='bbox 696 938 778 1011; x_wconf 80' lang='lat' dir='ltr'>facit</span> <span class='ocrx_word' id='word_1_33' title='bbox 798 943 972 1037; x_wconf 85' lang='lat' dir='ltr'><em>sponsus,</em></span> <span class='ocrx_word' id='word_1_34' title='bbox 1000 934 1113 1014; x_wconf 81' lang='lat' dir='ltr'><em>extin-</em></span> 
     </span>
     <span class='ocr_line' id='line_1_7' title="bbox 81 1055 1169 1155; baseline 0.002 -26"><span class='ocrx_word' id='word_1_35' title='bbox 81 1078 268 1155; x_wconf 73' lang='lat' dir='ltr'><em>guunturt</em></span> <span class='ocrx_word' id='word_1_36' title='bbox 298 1058 455 1130; x_wconf 87' lang='lat' dir='ltr'>Homine</span> <span class='ocrx_word' id='word_1_37' title='bbox 482 1057 586 1142; x_wconf 86' lang='lat' dir='ltr'><em>item,</em></span> <span class='ocrx_word' id='word_1_38' title='bbox 613 1055 674 1151; x_wconf 92' lang='lat' dir='ltr'><em>qui</em></span> <span class='ocrx_word' id='word_1_39' title='bbox 695 1085 822 1147; x_wconf 76' lang='lat' dir='ltr'><em>peregre</em></span> <span class='ocrx_word' id='word_1_40' title='bbox 839 1067 1034 1148; x_wconf 79' lang='lat' dir='ltr'><em>proficiscens</em></span> <span class='ocrx_word' id='word_1_41' title='bbox 1055 1088 1120 1130; x_wconf 83' lang='lat' dir='ltr'><em>oo··</em></span> <span class='ocrx_word' id='word_1_42' title='bbox 1165 1062 1169 1069; x_wconf 71' lang='grc'><em>’</em></span> 
     </span>
     <span class='ocr_line' id='line_1_8' title="bbox 82 1162 1111 1263; baseline 0 -16"><span class='ocrx_word' id='word_1_43' title='bbox 82 1190 169 1247; x_wconf 83' lang='lat' dir='ltr'><em>cavit</em></span> <span class='ocrx_word' id='word_1_44' title='bbox 184 1183 300 1263; x_wconf 79' lang='lat' dir='ltr'><em>servos</em></span> <span class='ocrx_word' id='word_1_45' title='bbox 314 1182 415 1262; x_wconf 81' lang='lat' dir='ltr'><em>snos,</em></span> <span class='ocrx_word' id='word_1_46' title='bbox 442 1197 473 1246; x_wconf 75' lang='lat' dir='ltr'><em>et</em></span> <span class='ocrx_word' id='word_1_47' title='bbox 498 1183 632 1245; x_wconf 75' lang='lat' dir='ltr'><strong><em>tradidit</em></strong></span> <span class='ocrx_word' id='word_1_48' title='bbox 655 1183 716 1244; x_wconf 70' lang='lat' dir='ltr'><em>iuis</em></span> <span class='ocrx_word' id='word_1_49' title='bbox 742 1184 822 1245; x_wconf 80' lang='lat' dir='ltr'><em>bona</em></span> <span class='ocrx_word' id='word_1_50' title='bbox 832 1182 900 1262; x_wconf 81' lang='lat' dir='ltr'><em>sua</em></span> <span class='ocrx_word' id='word_1_51' title='bbox 922 1162 969 1247; x_wconf 42' lang='lat' dir='ltr'><em>‚ir</em></span> <span class='ocrx_word' id='word_1_52' title='bbox 997 1231 1005 1248; x_wconf 90' lang='lat'>.</span> <span class='ocrx_word' id='word_1_53' title='bbox 1035 1186 1111 1248; x_wconf 77' lang='lat' dir='ltr'><em>Post</em></span> 
     </span>
     <span class='ocr_line' id='line_1_9' title="bbox 80 1299 1112 1384; baseline -0.001 -20"><span class='ocrx_word' id='word_1_54' title='bbox 80 1303 216 1365; x_wconf 84' lang='lat' dir='ltr'><em>multum</em></span> <span class='ocrx_word' id='word_1_55' title='bbox 242 1319 315 1384; x_wconf 75' lang='lat' dir='ltr'><em>nero</em></span> <span class='ocrx_word' id='word_1_56' title='bbox 339 1303 484 1380; x_wconf 76' lang='lat' dir='ltr'><em>temporis</em></span> <span class='ocrx_word' id='word_1_57' title='bbox 508 1303 596 1362; x_wconf 78' lang='lat' dir='ltr'><em>verrit</em></span> <span class='ocrx_word' id='word_1_58' title='bbox 620 1299 760 1362; x_wconf 75' lang='lat' dir='ltr'><em>dominus</em></span> <span class='ocrx_word' id='word_1_59' title='bbox 774 1299 942 1379; x_wconf 77' lang='lat' dir='ltr'><em>servorum</em></span> <span class='ocrx_word' id='word_1_60' title='bbox 967 1303 1112 1381; x_wconf 81' lang='lat' dir='ltr'><em>illorum,</em></span> 
     </span>
     <span class='ocr_line' id='line_1_10' title="bbox 79 1389 1118 1505; baseline 0.003 -25"><span class='ocrx_word' id='word_1_61' title='bbox 79 1432 109 1480; x_wconf 81' lang='lat' dir='ltr'><em>ee</em></span> <span class='ocrx_word' id='word_1_62' title='bbox 128 1389 242 1500; x_wconf 75' lang='lat' dir='ltr'><em>posuit</em></span> <span class='ocrx_word' id='word_1_63' title='bbox 262 1419 413 1478; x_wconf 79' lang='lat' dir='ltr'><em>rationem</em></span> <span class='ocrx_word' id='word_1_64' title='bbox 434 1419 572 1495; x_wconf 59' lang='lat' dir='ltr'><em>rumpis.</em></span> <span class='ocrx_word' id='word_1_65' title='bbox 592 1428 597 1435; x_wconf 83' lang='grc'><strong>’</strong></span> <span class='ocrx_word' id='word_1_66' title='bbox 621 1406 712 1500; x_wconf 81' lang='lat' dir='ltr'><em>Quis</em></span> <span class='ocrx_word' id='word_1_67' title='bbox 731 1424 820 1480; x_wconf 80' lang='lat' dir='ltr'><em>vero</em></span> <span class='ocrx_word' id='word_1_68' title='bbox 839 1407 976 1480; x_wconf 86' lang='lat' dir='ltr'><em>edicere</em></span> <span class='ocrx_word' id='word_1_69' title='bbox 994 1430 1118 1505; x_wconf 74' lang='lat' dir='ltr'><em>queat,</em></span> 
     </span>
     <span class='ocr_line' id='line_1_11' title="bbox 79 1522 1113 1627; baseline 0.001 -29"><span class='ocrx_word' id='word_1_70' title='bbox 79 1549 192 1621; x_wconf 83' lang='lat' dir='ltr'><em>quam</em></span> <span class='ocrx_word' id='word_1_71' title='bbox 232 1522 363 1595; x_wconf 82' lang='lat' dir='ltr'>vividis</span> <span class='ocrx_word' id='word_1_72' title='bbox 399 1524 547 1619; x_wconf 87' lang='lat' dir='ltr'><em>perinde</em></span> <span class='ocrx_word' id='word_1_73' title='bbox 587 1523 784 1627; x_wconf 80' lang='lat' dir='ltr'><em>nativisque</em></span> <span class='ocrx_word' id='word_1_74' title='bbox 824 1525 1028 1612; x_wconf 85' lang='lat' dir='ltr'><em>coloribus,</em></span> <span class='ocrx_word' id='word_1_75' title='bbox 1069 1552 1113 1612; x_wconf 78' lang='lat' dir='ltr'><em>¹ac</em></span> 
     </span>
     <span class='ocr_line' id='line_1_12' title="bbox 79 1640 1112 1737; baseline 0.002 -25"><span class='ocrx_word' id='word_1_76' title='bbox 79 1640 353 1713; x_wconf 85' lang='lat' dir='ltr'>inductionibus</span> <span class='ocrx_word' id='word_1_77' title='bbox 393 1640 514 1712; x_wconf 82' lang='lat' dir='ltr'><em>omnia¹</em></span> <span class='ocrx_word' id='word_1_78' title='bbox 552 1642 628 1712; x_wconf 85' lang='lat' dir='ltr'><em>haec</em></span> <span class='ocrx_word' id='word_1_79' title='bbox 667 1641 733 1712; x_wconf 77' lang='lat' dir='ltr'>sint</span> <span class='ocrx_word' id='word_1_80' title='bbox 768 1642 877 1713; x_wconf 88' lang='lat' dir='ltr'><em>oculis</em></span> <span class='ocrx_word' id='word_1_81' title='bbox 919 1643 1112 1737; x_wconf 84' lang='lat' dir='ltr'><em>exposita,</em></span> 
     </span>
     <span class='ocr_line' id='line_1_13' title="bbox 79 1743 1157 1855; baseline -0.001 -25"><span class='ocrx_word' id='word_1_82' title='bbox 79 1743 264 1855; x_wconf 82' lang='lat' dir='ltr'><em>quamque</em></span> <span class='ocrx_word' id='word_1_83' title='bbox 288 1758 387 1851; x_wconf 84' lang='lat' dir='ltr'><em>gravi</em></span> <span class='ocrx_word' id='word_1_84' title='bbox 411 1783 451 1829; x_wconf 85' lang='lat' dir='ltr'><em>ac</em></span> <span class='ocrx_word' id='word_1_85' title='bbox 478 1745 652 1850; x_wconf 72' lang='grc' dir='ltr'>Θειπρέπῃ</span> <span class='ocrx_word' id='word_1_86' title='bbox 678 1781 758 1827; x_wconf 89' lang='lat' dir='ltr'><em>cum</em></span> <span class='ocrx_word' id='word_1_87' title='bbox 783 1756 999 1852; x_wconf 77' lang='lat' dir='ltr'><em>simplicitate</em></span> <span class='ocrx_word' id='word_1_88' title='bbox 1034 1784 1115 1853; x_wconf 88' lang='lat' dir='ltr'><em>pro·</em></span> <span class='ocrx_word' id='word_1_89' title='bbox 1154 1752 1157 1755; x_wconf 37' lang='lat'><strong>⁴</strong></span> 
     </span>
     <span class='ocr_line' id='line_1_14' title="bbox 83 1871 1115 1967; baseline -0.003 -19"><span class='ocrx_word' id='word_1_90' title='bbox 83 1878 146 1948; x_wconf 87' lang='lat' dir='ltr'><em>cul</em></span> <span class='ocrx_word' id='word_1_91' title='bbox 174 1874 341 1946; x_wconf 89' lang='lat' dir='ltr'><em>omnibus</em></span> <span class='ocrx_word' id='word_1_92' title='bbox 369 1872 554 1945; x_wconf 87' lang='lat' dir='ltr'><em>rhetoricis</em></span> <span class='ocrx_word' id='word_1_93' title='bbox 589 1871 780 1967; x_wconf 85' lang='lat' dir='ltr'><em>pigmentis</em></span> <span class='ocrx_word' id='word_1_94' title='bbox 805 1872 1039 1967; x_wconf 69' lang='lat' dir='ltr'><em>humanaeque</em></span> <span class='ocrx_word' id='word_1_95' title='bbox 1065 1876 1115 1945; x_wconf 84' lang='lat' dir='ltr'><em>sa-</em></span> 
     </span>
     <span class='ocr_line' id='line_1_15' title="bbox 82 1986 1115 2089; baseline 0 -26"><span class='ocrx_word' id='word_1_96' title='bbox 82 1989 231 2089; x_wconf 83' lang='lat' dir='ltr'><em>pientiae</em></span> <span class='ocrx_word' id='word_1_97' title='bbox 257 1989 376 2062; x_wconf 89' lang='lat' dir='ltr'><em>verbis</em></span> <span class='ocrx_word' id='word_1_98' title='bbox 403 1987 606 2085; x_wconf 84' lang='lat' dir='ltr'><em>proposita,</em></span> <span class='ocrx_word' id='word_1_99' title='bbox 633 1986 781 2084; x_wconf 83' lang='lat' dir='ltr'><em>perinde</em></span> <span class='ocrx_word' id='word_1_100' title='bbox 808 2008 848 2060; x_wconf 80' lang='lat' dir='ltr'><em>ac</em></span> <span class='ocrx_word' id='word_1_101' title='bbox 875 1988 950 2084; x_wconf 85' lang='lat' dir='ltr'><em>ipse</em></span> <span class='ocrx_word' id='word_1_102' title='bbox 977 1989 1035 2061; x_wconf 88' lang='lat' dir='ltr'><em>ille</em></span> <span class='ocrx_word' id='word_1_103' title='bbox 1062 2015 1115 2063; x_wconf 85' lang='lat' dir='ltr'><em>ac·</em></span> 
     </span>
     <span class='ocr_line' id='line_1_16' title="bbox 81 2102 1115 2195; baseline -0.004 -14"><span class='ocrx_word' id='word_1_104' title='bbox 81 2116 143 2181; x_wconf 77' lang='lat' dir='ltr'><em>tus</em></span> <span class='ocrx_word' id='word_1_105' title='bbox 167 2105 289 2178; x_wconf 89' lang='lat' dir='ltr'><em>iudicii</em></span> <span class='ocrx_word' id='word_1_106' title='bbox 318 2102 384 2195; x_wconf 78' lang='lat' dir='ltr'><em>h):</em></span> <span class='ocrx_word' id='word_1_107' title='bbox 420 2105 547 2191; x_wconf 78' lang='lat' dir='ltr'><em>„²Cum</em></span> <span class='ocrx_word' id='word_1_108' title='bbox 571 2124 686 2176; x_wconf 83' lang='lat' dir='ltr'><em>autem</em></span> <span class='ocrx_word' id='word_1_109' title='bbox 710 2104 849 2178; x_wconf 85' lang='lat' dir='ltr'><em>venerit</em></span> <span class='ocrx_word' id='word_1_110' title='bbox 873 2105 980 2177; x_wconf 86' lang='lat' dir='ltr'><em>Filius</em></span> <span class='ocrx_word' id='word_1_111' title='bbox 1002 2106 1115 2178; x_wconf 52' lang='lat' dir='ltr'><em>hornia</em></span> 
     </span>
     <span class='ocr_line' id='line_1_17' title="bbox 84 2223 1115 2317; baseline 0.001 -22"><span class='ocrx_word' id='word_1_112' title='bbox 84 2224 143 2296; x_wconf 88' lang='lat' dir='ltr'><em>nis</em></span> <span class='ocrx_word' id='word_1_113' title='bbox 190 2223 227 2293; x_wconf 91' lang='lat' dir='ltr'><em>in</em></span> <span class='ocrx_word' id='word_1_114' title='bbox 273 2223 451 2294; x_wconf 83' lang='lat' dir='ltr'><em>maiestate</em></span> <span class='ocrx_word' id='word_1_115' title='bbox 496 2223 579 2309; x_wconf 81' lang='lat' dir='ltr'><em>fua,</em></span> <span class='ocrx_word' id='word_1_116' title='bbox 621 2241 656 2293; x_wconf 88' lang='lat' dir='ltr'><em>et</em></span> <span class='ocrx_word' id='word_1_117' title='bbox 698 2247 822 2294; x_wconf 89' lang='lat' dir='ltr'><em>omnes</em></span> <span class='ocrx_word' id='word_1_118' title='bbox 865 2224 991 2317; x_wconf 85' lang='lat' dir='ltr'><em>angeli</em></span> <span class='ocrx_word' id='word_1_119' title='bbox 1032 2247 1115 2296; x_wconf 83' lang='lat' dir='ltr'><em>cum</em></span> 
     </span>
     <span class='ocr_line' id='line_1_18' title="bbox 86 2336 1115 2434; baseline 0.001 -22"><span class='ocrx_word' id='word_1_120' title='bbox 86 2366 153 2425; x_wconf 85' lang='lat' dir='ltr'><em>e0‚</em></span> <span class='ocrx_word' id='word_1_121' title='bbox 183 2357 269 2409; x_wconf 85' lang='lat' dir='ltr'><em>tunc</em></span> <span class='ocrx_word' id='word_1_122' title='bbox 294 2339 430 2410; x_wconf 85' lang='lat' dir='ltr'><em>sedebit</em></span> <span class='ocrx_word' id='word_1_123' title='bbox 455 2340 563 2434; x_wconf 75' lang='lat' dir='ltr'><em>¹super</em></span> <span class='ocrx_word' id='word_1_124' title='bbox 589 2336 708 2410; x_wconf 89' lang='lat' dir='ltr'><em>sedem</em></span> <span class='ocrx_word' id='word_1_125' title='bbox 733 2337 920 2411; x_wconf 81' lang='lat' dir='ltr'><em>maiestatis</em></span> <span class='ocrx_word' id='word_1_126' title='bbox 946 2340 1041 2410; x_wconf 83' lang='lat' dir='ltr'><em>suae:</em></span> <span class='ocrx_word' id='word_1_127' title='bbox 1079 2358 1115 2413; x_wconf 87' lang='lat' dir='ltr'><em>et</em></span> 
     </span>
     <span class='ocr_line' id='line_1_19' title="bbox 86 2445 1115 2551; baseline -0.002 -23"><span class='ocrx_word' id='word_1_128' title='bbox 86 2455 406 2550; x_wconf 84' lang='lat' dir='ltr'><em>congregabuntur</em></span> <span class='ocrx_word' id='word_1_129' title='bbox 435 2474 515 2525; x_wconf 78' lang='lat' dir='ltr'><em>ante</em></span> <span class='ocrx_word' id='word_1_130' title='bbox 541 2474 621 2525; x_wconf 88' lang='lat' dir='ltr'><em>enm</em></span> <span class='ocrx_word' id='word_1_131' title='bbox 645 2471 769 2525; x_wconf 77' lang='lat' dir='ltr'><em>omnes·</em></span> <span class='ocrx_word' id='word_1_132' title='bbox 795 2466 937 2549; x_wconf 81' lang='lat' dir='ltr'><em>gentes,</em></span> <span class='ocrx_word' id='word_1_133' title='bbox 966 2445 1115 2551; x_wconf 73' lang='lat' dir='ltr'><em>etsepa·</em></span> 
     </span>
     <span class='ocr_line' id='line_1_20' title="bbox 84 2569 1113 2664; baseline -0.001 -20"><span class='ocrx_word' id='word_1_134' title='bbox 84 2572 182 2644; x_wconf 80' lang='lat' dir='ltr'><em>rabit</em></span> <span class='ocrx_word' id='word_1_135' title='bbox 208 2595 270 2641; x_wconf 88' lang='lat' dir='ltr'><em>eos</em></span> <span class='ocrx_word' id='word_1_136' title='bbox 297 2571 375 2641; x_wconf 87' lang='lat' dir='ltr'><em>ab</em></span> <span class='ocrx_word' id='word_1_137' title='bbox 357 2571 537 2655; x_wconf 79' lang='lat' dir='ltr'><em>invicem,</em></span> <span class='ocrx_word' id='word_1_138' title='bbox 581 2569 667 2640; x_wconf 85' lang='lat' dir='ltr'><em>ficut</em></span> <span class='ocrx_word' id='word_1_139' title='bbox 687 2588 808 2663; x_wconf 85' lang='lat' dir='ltr'><em>pastor</em></span> <span class='ocrx_word' id='word_1_140' title='bbox 833 2571 993 2664; x_wconf 76' lang='lat' dir='ltr'><em>segregat</em></span> <span class='ocrx_word' id='word_1_141' title='bbox 1024 2590 1113 2662; x_wconf 75' lang='lat' dir='ltr'><em>oves</em></span> 
     </span>
     <span class='ocr_line' id='line_1_21' title="bbox 90 2683 1117 2804; baseline 0 -44"><span class='ocrx_word' id='word_1_142' title='bbox 90 2689 138 2760; x_wconf 89' lang='lat' dir='ltr'><em>ab</em></span> <span class='ocrx_word' id='word_1_143' title='bbox 161 2687 287 2758; x_wconf 88' lang='lat' dir='ltr'><em>hoedis.</em></span> <span class='ocrx_word' id='word_1_144' title='bbox 337 2687 385 2759; x_wconf 87' lang='lat' dir='ltr'><em>Et</em></span> <span class='ocrx_word' id='word_1_145' title='bbox 407 2688 532 2764; x_wconf 86' lang='lat' dir='ltr'><em>statuet</em></span> <span class='ocrx_word' id='word_1_146' title='bbox 557 2710 643 2757; x_wconf 88' lang='lat' dir='ltr'><em>oves</em></span> <span class='ocrx_word' id='word_1_147' title='bbox 665 2684 817 2779; x_wconf 86' lang='lat' dir='ltr'><em>quidem</em></span> <span class='ocrx_word' id='word_1_148' title='bbox 831 2710 851 2756; x_wconf 79' lang='lat' dir='ltr'>a</span> <span class='ocrx_word' id='word_1_149' title='bbox 873 2683 1005 2804; x_wconf 83' lang='lat' dir='ltr'><em>dextris</em></span> <span class='ocrx_word' id='word_1_150' title='bbox 1026 2686 1117 2776; x_wconf 84' lang='lat' dir='ltr'><em>suis,</em></span> 
     </span>
     <span class='ocr_line' id='line_1_22' title="bbox 89 2791 697 2879; baseline -0.005 -2"><span class='ocrx_word' id='word_1_151' title='bbox 89 2791 223 2877; x_wconf 82' lang='lat' dir='ltr'><em>hoedos</em></span> <span class='ocrx_word' id='word_1_152' title='bbox 247 2821 365 2879; x_wconf 83' lang='lat' dir='ltr'><em>autem</em></span> <span class='ocrx_word' id='word_1_153' title='bbox 386 2828 412 2874; x_wconf 83' lang='lat' dir='ltr'>a</span> <span class='ocrx_word' id='word_1_154' title='bbox 435 2800 576 2878; x_wconf 72' lang='lat' dir='ltr'>sinistris</span> <span class='ocrx_word' id='word_1_155' title='bbox 601 2803 697 2874; x_wconf 87' lang='lat' dir='ltr'><em>etc“</em></span> 
     </span>
    </p>
   </div>
   <div class='ocr_carea' id='block_1_2' title="bbox 88 3136 1139 3348">
    <p class='ocr_par' dir='ltr' id='par_1_2' title="bbox 88 3136 1139 3348">
     <span class='ocr_line' id='line_1_23' title="bbox 91 3136 1139 3256; baseline -0.001 -27"><span class='ocrx_word' id='word_1_156' title='bbox 91 3136 356 3230; x_wconf 81' lang='lat' dir='ltr'>CHRISTUS</span> <span class='ocrx_word' id='word_1_157' title='bbox 391 3151 677 3256; x_wconf 90' lang='lat' dir='ltr'><strong>PROCEDIT</strong></span> <span class='ocrx_word' id='word_1_158' title='bbox 711 3152 769 3225; x_wconf 87' lang='grc' dir='ltr'><em>ΙΝ</em></span> <span class='ocrx_word' id='word_1_159' title='bbox 802 3145 1139 3228; x_wconf 71' lang='lat' dir='ltr'>JERUSALEM‘</span> 
     </span>
     <span class='ocr_line' id='line_1_24' title="bbox 88 3253 852 3348; baseline 0 -1"><span class='ocrx_word' id='word_1_160' title='bbox 88 3296 91 3300; x_wconf 84' lang='lat'>&#39;</span> <span class='ocrx_word' id='word_1_161' title='bbox 280 3305 282 3313; x_wconf 54' lang='lat'><strong>¹</strong></span> <span class='ocrx_word' id='word_1_162' title='bbox 363 3253 603 3347; x_wconf 84' lang='lat' dir='ltr'>MORITURUS</span> <span class='ocrx_word' id='word_1_163' title='bbox 625 3284 703 3348; x_wconf 86' lang='lat' dir='ltr'><em>PRO</em></span> <span class='ocrx_word' id='word_1_164' title='bbox 724 3283 852 3348; x_wconf 85' lang='lat' dir='ltr'>NOBIS.</span> 
     </span>
    </p>
   </div>
   <div class='ocr_carea' id='block_1_3' title="bbox 89 3422 1164 3954">
    <p class='ocr_par' dir='ltr' id='par_1_3' title="bbox 91 3422 1164 3954">
     <span class='ocr_line' id='line_1_25' title="bbox 91 3422 1121 3602; baseline 0 -23"><span class='ocrx_word' id='word_1_165' title='bbox 91 3504 221 3579; x_wconf 89' lang='lat' dir='ltr'><em>XXV</em></span> <span class='ocrx_word' id='word_1_166' title='bbox 251 3422 362 3578; x_wconf 81' lang='lat' dir='ltr'><em>SJ</em></span> <span class='ocrx_word' id='word_1_167' title='bbox 344 3503 518 3590; x_wconf 87' lang='lat' dir='ltr'><em>J‚oannes</em></span> <span class='ocrx_word' id='word_1_168' title='bbox 554 3501 616 3600; x_wconf 83' lang='lat' dir='ltr'><em>qui</em></span> <span class='ocrx_word' id='word_1_169' title='bbox 644 3501 881 3598; x_wconf 79' lang='lat' dir='ltr'><em>Evangeiiu&#39;m</em></span> <span class='ocrx_word' id='word_1_170' title='bbox 901 3428 1019 3575; x_wconf 83' lang='lat' dir='ltr'><em>suurn</em></span> <span class='ocrx_word' id='word_1_171' title='bbox 1037 3526 1121 3602; x_wconf 84' lang='lat' dir='ltr'><em>post</em></span> 
     </span>
     <span class='ocr_line' id='line_1_26' title="bbox 94 3609 1164 3717; baseline 0 -21"><span class='ocrx_word' id='word_1_172' title='bbox 94 3621 275 3696; x_wconf 89' lang='lat' dir='ltr'><em>excidium</em></span> <span class='ocrx_word' id='word_1_173' title='bbox 313 3620 675 3717; x_wconf 84' lang='lat' dir='ltr'><em>Hierosolymitanum</em></span> <span class='ocrx_word' id='word_1_174' title='bbox 691 3619 857 3716; x_wconf 85' lang='lat' dir='ltr'>scripsit,</span> <span class='ocrx_word' id='word_1_175' title='bbox 900 3621 971 3692; x_wconf 83' lang='lat' dir='ltr'><strong>fata</strong></span> <span class='ocrx_word' id='word_1_176' title='bbox 1003 3609 1164 3712; x_wconf 65' lang='lat' dir='ltr'><em>autemx</em></span> 
     </span>
     <span class='ocr_line' id='line_1_27' title="bbox 89 3736 1123 3842; baseline -0.002 -29.99"><span class='ocrx_word' id='word_1_177' title='bbox 89 3736 264 3813; x_wconf 72' lang='lat' dir='ltr'><em>Ecclesiae</em></span> <span class='ocrx_word' id='word_1_178' title='bbox 303 3739 645 3810; x_wconf 85' lang='lat' dir='ltr'><em>consummationem</em></span> <span class='ocrx_word' id='word_1_179' title='bbox 678 3736 836 3842; x_wconf 82' lang='lat' dir='ltr'><em>saeculi&#39;</em></span> <span class='ocrx_word' id='word_1_180' title='bbox 827 3763 864 3808; x_wconf 88' lang='lat' dir='ltr'><em>m</em></span> <span class='ocrx_word' id='word_1_181' title='bbox 901 3736 1123 3836; x_wconf 81' lang='lat' dir='ltr'><em>Apocalypsi</em></span> 
     </span>
     <span class='ocr_line' id='line_1_28' title="bbox 95 3855 1123 3954; baseline -0.001 -25"><span class='ocrx_word' id='word_1_182' title='bbox 95 3859 155 3929; x_wconf 79' lang='lat' dir='ltr'><em>fua</em></span> <span class='ocrx_word' id='word_1_183' title='bbox 179 3856 422 3942; x_wconf 80' lang='lat' dir='ltr'><em>adumbravit,</em></span> <span class='ocrx_word' id='word_1_184' title='bbox 450 3855 594 3928; x_wconf 79' lang='lat' dir='ltr'><em>silentio</em></span> <span class='ocrx_word' id='word_1_185' title='bbox 607 3856 702 3944; x_wconf 76' lang='lat' dir='ltr'><em>haec,</em></span> <span class='ocrx_word' id='word_1_186' title='bbox 729 3878 808 3954; x_wconf 81' lang='lat' dir='ltr'><em>quae</em></span> <span class='ocrx_word' id='word_1_187' title='bbox 825 3855 936 3928; x_wconf 82' lang='lat' dir='ltr'><em>modo</em></span> <span class='ocrx_word' id='word_1_188' title='bbox 958 3856 1123 3946; x_wconf 85' lang='lat' dir='ltr'><em>diximus,</em></span> 
     </span>
    </p>
   </div>
   <div class='ocr_carea' id='block_1_4' title="bbox 138 3998 760 4085">
    <p class='ocr_par' dir='ltr' id='par_1_4' title="bbox 138 3998 760 4085">
     <span class='ocr_line' id='line_1_29' title="bbox 138 3998 760 4085; baseline -0.003 -21.947"><span class='ocrx_word' id='word_1_189' title='bbox 138 4007 292 4084; x_wconf 62' lang='lat' dir='ltr'><em>amam.</em></span> <span class='ocrx_word' id='word_1_190' title='bbox 315 3999 424 4078; x_wconf 77' lang='lat' dir='ltr'><em>XXV.</em></span> <span class='ocrx_word' id='word_1_191' title='bbox 534 4002 564 4085; x_wconf 70' lang='grc' dir='ltr'><em>ι)</em></span> <span class='ocrx_word' id='word_1_192' title='bbox 587 3998 624 4067; x_wconf 82' lang='lat' dir='ltr'><em>n.</em></span> <span class='ocrx_word' id='word_1_193' title='bbox 647 4009 691 4077; x_wconf 70' lang='grc' dir='ltr'><em>ιι.</em></span> <span class='ocrx_word' id='word_1_194' title='bbox 758 4032 760 4037; x_wconf 92' lang='grc'>-</span> 
     </span>
    </p>
   </div>
   <div class='ocr_carea' id='block_1_5' title="bbox 0 0 1247 4560">
    <p class='ocr_par' dir='ltr' id='par_1_5' title="bbox 0 0 1247 4560">
     <span class='ocr_line' id='line_1_30' title="bbox 0 0 1247 4560; baseline 0 0"><span class='ocrx_word' id='word_1_195' title='bbox 0 0 1247 4560; x_wconf 95' lang='lat' dir='ltr'><em> </em></span> 
     </span>
    </p>
   </div>
  </div>
 </body>
</html>
