2460 4560
174 338 220 402 65
566 317 796 374 Β...

169 475 271 552 multi
290 465 517 552 crediderunt
541 474 576 546 in
598 500 677 547 eum
699 473 1012 563 Samaritanorum,
1040 496 1173 576 propter

120 673 122 680 ,
167 598 316 670 verbum
327 595 478 668 mulieris
492 590 729 664 testimonium
743 592 976 687 perhibentis:
993 594 1092 688 Quia
1100 595 1178 667 dixit

159 713 254 784 mihi
272 713 410 797 omnia,
427 735 649 805 quiscunque
662 708 770 782 feci.“
813 708 906 780 Cum
925 731 1043 784 autom
1061 711 1110 784 ibi
1131 739 1178 784 ro·

167 850 269 923 gatus
290 828 449 906 Christus
469 824 652 898 mansisset
670 827 761 896 duos·
782 824 876 912 dies,
904 831 1051 912 „multo
1070 832 1177 926 plures

167 946 393 1040 crediderunt
421 945 458 1015 in
489 970 568 1016 eum
598 963 747 1038 propter
776 944 973 1015 sermonem
1006 943 1092 1018 eius.
1137 946 1179 1018 Et

167 1059 303 1133 mulieri
324 1059 508 1133 dicebant:
547 1060 643 1152 Quia
664 1058 731 1129 iam
757 1085 831 1130 non
854 1079 1002 1156 propter
1023 1080 1118 1134 tuam
1136 1066 1180 1133 lo·

166 1181 306 1273 quolam
328 1177 519 1249 credimus:
548 1170 616 1271 ipsi
638 1174 730 1246 enim
751 1174 965 1262 audivimus,
996 1197 1032 1249 et
1053 1179 1177 1264 scimus,

167 1294 249 1388 quia
271 1294 328 1366 hic
356 1309 408 1366 est
432 1295 516 1366 vere
540 1293 700 1364 Salvator
725 1291 892 1364 mundi.“
941 1290 1057 1381 Vide,
1084 1300 1179 1391 quam
1222 1274 1224 1351 ζ

162 1410 283 1482 lubito
306 1404 509 1482 Samaritani
531 1436 576 1481 ex
602 1409 853 1505 praedicatione
878 1405 1011 1480 Christi
1028 1418 1179 1508 perspec'·

167 1547 238 1599 tam
269 1524 456 1600 habuerint
485 1526 641 1597 divinam
673 1524 858 1619 Evangelii
880 1525 1012 1598 Christi
1046 1553 1180 1601 oecono·

167 1643 338 1716 miamin
370 1646 512 1716 [alutem
548 1643 731 1727 omnium,
767 1667 841 1712 non
870 1642 1025 1714 Judaieae
1054 1662 1180 1717 tantum

168 1755 305 1856 gentis,
334 1787 379 1832 ex
404 1782 475 1855 qua
503 1759 674 1830 oriundus
697 1777 769 1830 erat
794 1758 950 1829 Messias·
968 1762 1180 1856 exspeetatio

168 1879 337 1972 gentium.
387 1864 614 1971 Evangelista
635 1899 709 1947 non
730 1895 917 1960 memorat,
946 1901 990 1946 an
1017 1876 1179 1963 Christus,

164 1993 219 2064 'uti
246 1987 382 2064 mulieri
412 1991 633 2063 Samaritanae
665 1991 713 2063 ita
740 1993 842 2063 etiam
873 1993 1084 2066 concivibus
1114 1995 1180 2066 eius

165 2120 232 2204 per
263 2095 512 2203 propheticum
547 2106 706 2201 spiritum
740 2108 957 2178 Salvatorem
995 2111 1121 2182 mundi
1149 2138 1181 2183 se

170 2221 464 2296 demonstraverit
479 2221 586 2314 (dum
605 2225 702 2293 nulla
713 2222 795 2293 facti
812 2215 968 2295 miraculi
982 2225 1023 2297 fit
1036 2224 1183 2316 mentio)

168 2360 213 2412 an
234 2366 321 2413 vero
343 2338 445 2410 insita
464 2337 685 2410 sermonibus
706 2339 773 2410 luis
791 2338 903 2409 Verbi
926 2335 1038 2411 divini
1059 2343 1181 2415 virtute

133 2537 136 2543 ,
165 2459 226 2528 seu
249 2457 389 2552 fulgore
410 2447 510 2552 ipso,
539 2472 573 2526 et
596 2454 776 2527 maiestate
800 2455 990 2528 divinitatis
1016 2464 1180 2544 occultae,

166 2591 206 2646 ut
234 2575 341 2670 paulo
371 2591 452 2644 ante
485 2599 530 2644 ex
561 2572 592 2644 S.
625 2559 851 2668 Hieronymo⁸
874 2571 1091 2646 notavimus.
1118 2607 1120 2611 ·
1152 2584 1181 2644 Si

166 2703 266 2775 enim,
293 2673 478 2775 subditis,
506 2703 538 2760 in
551 2711 687 2774 magnete
710 2699 832 2778 lapide,
856 2711 887 2759 et
898 2675 1111 2775 sttcciur'shaec
1128 2716 1181 2763 esst

163 2794 373 2891 vindicatur,
410 2827 447 2874 ut
472 2817 627 2890 annulor‚'
653 2828 683 2876 et
699 2811 874 2894 stipulam,
911 2825 942 2874 tt
965 2827 1113 2880 nestoras
1129 2811 1180 2894 'silit‘

166 2931 326 3011 coprtlerrt5
363 2942 479 3012 quanto
509 2934 609 3006 magis
633 2906 784 2990 Dominus
812 2932 947 2990 omnium
974 2923 1179 3008 creaturarum

165 3048 209 3110 ud
230 3023 404 3110 sustollere
420 3057 568 3128 poterat,
593 3064 670 3127 quos
690 3048 843 3109 vocatae

239 3255 450 3366 Digressum
482 3285 528 3341 ex
558 3258 710 3342 Samaria
734 3267 759 3361 (
768 3268 886 3340 relicta
913 3270 1017 3342 etiam
1045 3273 1179 3347 civitate

166 3376 362 3474 Nazareth,
382 3385 443 3459 ‘c'ul
460 3376 919 3484 testim'onium·perhibuit‚
941 3399 1018 3478 quia
1032 3400 1181 3482 propheta
1220 3420 1223 3429 ·

165 3516 198 3573 in
216 3490 282 3592 sua
306 3487 425 3594 patria
452 3488 593 3589 honorem
629 3490 689 3575 non
718 3512 809 3575 hahet
838 3490 886 3592 a)
912 3485 958 3573 in·
982 3504 1180 3590 Galilaeami

167 3607 387 3714 exceperunt
408 3607 587 3697 Christum
618 3614 777 3705 Galilael,
804 3639 871 3688 cum
894 3633 999 3690 omnia
1019 3628 1180 3706 uidissent,

167 3763 230 3826 qttae
243 3743 365 3823 fecerat
381 3746 578 3825 Jerosolymis
602 3750 637 3807 itt
657 3748 705 3808 die
718 3744 814 3822 ferto.
866 3731 978 3807 Venit
996 3720 1129 3832 igitur,
1154 3756 1182 3809 et

168 3851 340 3939 habitavit
364 3849 399 3920 iu
422 3851 671 3948 Capharnaum
693 3851 865 3928 maritima
886 3852 1026 3929 civitate
1051 3853 1090 3930 in
1115 3851 1182 3929 lini·

209 3991 451 4073 umfflm
552 4041 557 4044 >
