2460 4560
313 320 384 392 226
638 304 869 366 ΞΣ

91 550 94 560 ¹
175 467 288 530 CAPUT
310 468 342 539 Is
360 469 435 564 ipse
455 467 619 560 angelus,
639 463 699 558 qui
718 461 862 534 Danieli
881 448 1026 561 tempus
1046 464 1181 540 Messia

204 586 252 639 vt.
309 605 404 681 post,
421 580 640 679 septuaginta
672 579 916 652 hebdomadas
951 583 1182 678 praedixerat,
1220 600 1222 681 ζ

158 703 403 775 “V“nunc
446 723 591 794 qnoque
631 696 763 769 Mariae
803 697 933 793 virgini
976 701 1183 775 denuntiat:
1220 732 1222 781 3

309 829 384 889 Ecce
405 828 569 905 concipies,
597 836 628 886 et
644 827 751 904 paries
772 821 875 899 filium
898 837 956 890 etc.
985 843 1071 912 quae
1093 819 1184 900 etiam

280 924 282 933 ⁴
309 933 383 1007 Dei
405 932 558 1028 genitrix
582 932 626 1002 ab
650 927 831 1002 Elisabeth
852 957 968 1004 uxore
990 934 1185 1024 Zachariae,

310 1050 372 1147 qui
400 1051 438 1122 in
470 1074 613 1144 poenam
642 1042 893 1122 incredulitatis
927 1071 1053 1124 mutus
1082 1055 1183 1126 factus

308 1168 396 1255 fuit,
430 1177 542 1251 beatu,
578 1164 787 1260 praedicatur
813 1161 876 1254 o),
915 1193 981 1257 quc
1015 1181 1184 1258 credidisti,

309 1297 455 1377 qnoniam
474 1289 674 1372 perficientur
695 1308 754 1366 ea,
789 1309 853 1373 quic
876 1291 964 1354 dicta
978 1293 1066 1373 sunt
1092 1297 1184 1358 tibio

309 1409 470 1484 Domino,
514 1424 579 1493 per
615 1401 780 1491 angelum
818 1397 1015 1487 nimirum,
1064 1429 1086 1474 a
1120 1429 1183 1499 quo

308 1515 511 1613 mysterium
543 1513 755 1608 requisierat.
820 1515 948 1610 Ignara
979 1512 1189 1606 Elisabeth,

306 1659 386 1730 quae
413 1631 538 1703 marito
567 1630 767 1702 acciderant
792 1630 828 1701 in
854 1632 1020 1724 templo,
1058 1637 1182 1733 quippe
1218 1652 1222 1723 ,ξ

309 1751 371 1846 qui
395 1751 541 1821 domum
569 1768 685 1819 mutus
711 1747 863 1819 redierat
883 1748 938 1820 ob
962 1748 1182 1825 incredulita·
1220 1746 1222 1757 ¹

308 1889 399 1954 tem,
429 1867 512 1938 dum
539 1863 751 1960 prophetico
772 1863 940 1937 instinctu
966 1866 1112 1941 beatam
1135 1870 1185 1942 de·

307 1984 477 2080 praedicat
496 1983 674 2066 Mariam,
701 2006 779 2075 quae
798 1982 970 2069 credidit;
998 1982 1125 2081 ignara
1141 1987 1185 2058 in·

306 2126 413 2196 quarn
433 2099 557 2170 marito
578 2098 687 2170 veluti
706 2099 899 2195 exprobrat
915 2121 998 2172 cum
1020 2101 1181 2176 Gabriele

307 2219 435 2310 angelo
459 2242 526 2310 pro
552 2238 616 2300 eo,
652 2215 752 2310 quod
776 2242 850 2287 non
879 2213 1094 2294 credidisset
1116 2249 1181 2294 ver·

305 2334 360 2404 bis
390 2332 528 2426 angeli,
557 2331 617 2426 qui
649 2351 718 2402 tam
738 2353 866 2429 aperte
888 2332 1085 2409 instantem
1111 2337 1180 2410 iam

303 2449 373 2521 iam
398 2448 547 2524 Messiae
574 2450 766 2521 adventum
799 2447 817 2543 (
831 2469 910 2522 tam=
922 2455 1075 2548 praecise
1102 2456 1182 2527 indi·

305 2589 404 2655 cat0,
433 2566 531 2662 quod
559 2586 643 2638 tunc
664 2566 805 2654 aderat,
841 2586 1008 2662 tempore
1034 2571 1111 2645 eius
1132 2572 1181 2644 ad·

303 2681 463 2773 ventus)
496 2682 640 2754 Danieli
674 2681 858 2779 prophetae
896 2686 1177 2762 denunciaverat

302 2798 404 2871 Mox
424 2826 513 2872 vero
531 2799 718 2872 Zacharias
736 2801 874 2872 reddita
891 2799 1017 2897 lingua
1035 2806 1180 2879 reminis·

302 2941 386 2987 cens
425 2916 687 3012 prophetiarum
726 2917 771 2989 de
809 2916 1035 2994 redemtione
1074 2923 1175 3021 plebis

300 3036 369 3105 suae
387 3050 450 3127 per'
470 3034 642 3104 Messiam
663 3034 730 3104 iam
754 3054 970 3132 conceptum
993 3063 1014 3109 a
1036 3041 1175 3137 virgine,

301 3169 335 3220 et
364 3149 437 3242 ipse
469 3147 689 3245 prophetans
718 3150 778 3240 ἰὼ
816 3163 1031 3241 Benedictus,
1068 3158 1175 3241 canit,

299 3273 451 3335 Domr'nnr
473 3276 557 3337 Dent
584 3279 698 3353 Israel,
735 3283 811 3361 qnia
837 3281 1013 3358 visitavit,
1053 3296 1085 3345 et
1108 3283 1177 3363 fecit

297 3394 509 3456 redemtionem
527 3395 625 3474 plebis
639 3393 727 3472 stre:
762 3396 803 3456 Et
831 3398 931 3458 erexit
953 3416 1053 3460 cornu
1066 3399 1173 3480 salutis

297 3514 399 3588 nohis,
426 3514 457 3571 in
481 3512 569 3571 domo
595 3510 705 3572 David
722 3511 813 3593 pueri
828 3511 897 3591 suia
949 3512 1041 3577 Sient
1065 3518 1174 3579 Iocntnt

296 3640 342 3688 est
356 3645 414 3706 per
431 3638 465 3688 ot
473 3625 677 3704 sanctornm,
702 3630 758 3710 qni
780 3627 1031 3708 asecqusnrrt,
1055 3634 1171 3715 prophe·

296 3752 399 3802 tarum
425 3746 501 3805 einr,
564 3735 685 3806 Maria
720 3754 807 3807 vero
839 3762 926 3808 mox
958 3757 1000 3810 ut
1035 3737 1174 3837 percipit

182 3908 185 3914 .
297 3846 342 3927 ab
385 3853 546 3942 angelo,
591 3853 778 3949 quomodo
817 3854 916 3928 iuxta
950 3859 1169 3957 prophetiam

342 3994 574 4083 amam
680 4003 838 4078 nam
