2460 4560
98 504 201 577 nem,
230 513 311 586 quae
340 487 378 560 in
405 487 512 562 nobis
539 493 723 587 completae
750 489 853 577 sunt,
880 515 1014 563 rerum:
1042 489 1130 563 ficut

101 608 328 682 tradiderunt
352 606 477 695 nobis,
504 607 565 702 q'ui
595 607 640 678 ab
665 606 765 679 initio
793 606 859 704 ipsi
883 608 1067 693 viderunt,
1095 624 1131 678 ct

97 723 250 796 ministri
272 725 419 798 fuerunt
438 724 631 810 sermonis;
648 725 767 796 ¹visum
790 743 843 796 est
864 743 901 796 et
920 723 1027 810 mihi,
1042 729 1130 795 asse-

96 861 183 915 cuto
208 841 331 913 omnia
356 867 377 913 a
398 840 574 938 principio
604 839 809 936 diligenter,
844 866 890 913 ex
912 840 1040 912 ordine
1066 837 1130 911 tibi

94 945 270 1046 scribere,
300 957 438 1055 optime
457 957 688 1055 Theophila,
716 975 761 1029 utx
780 982 976 1052 cognoscas
1005 982 1130 1029 eorum
1168 1023 1172 1032 .

96 1076 319 1164 verborum,
359 1075 405 1147 de
439 1075 569 1172 quibus
604 1073 761 1147 eruditus
799 1099 858 1161 es,
896 1073 1129 1147 veritatem.“

95 1191 179 1265 Fuit
213 1192 244 1268 is
279 1193 314 1264 S.
346 1190 447 1264 Pauli
480 1190 695 1288 discipulus,
732 1189 793 1286 qui
825 1188 863 1261 in
901 1191 1051 1288 epistola
1083 1189 1130 1266 ad

95 1308 277 1382 Hebraeos
301 1305 342 1399 a)
368 1334 442 1382 non
459 1301 572 1381 solum
595 1309 641 1379 ad
663 1335 725 1381 eos
742 1326 935 1404 provocat,
959 1307 1020 1404 qui
1042 1331 1131 1403 prae·

96 1446 219 1498 sentes
246 1425 292 1498 ab
321 1425 423 1499 initio
454 1424 600 1497 Christo
627 1427 835 1512 adfuerunt,
872 1424 1130 1498 verumetiam

99 1543 144 1614 ad
159 1528 348 1632 miracula,
368 1560 402 1614 et
415 1540 560 1639 Spiritus
573 1541 682 1615 sancti
695 1543 807 1628 dona,
827 1541 956 1637 quibus
969 1536 1132 1613 instructi

98 1660 262 1734 fuerunt:
291 1658 545 1751 ‚3Quomod0‚
570 1659 637 1745 ait,
664 1685 730 1732 nos
756 1659 984 1753 effugiemus,
1008 1658 1036 1728 si
1058 1678 1130 1731 tan·

99 1795 171 1855 tam
197 1776 459 1885 neglexerimus
478 1776 651 1846 salutem?
679 1799 856 1869 quaecum
878 1772 1017 1845 initium
1036 1797 1132 1844 acce·

98 1894 208 1997 pisset
235 1891 388 1968 enarrari
413 1916 478 1987 per
504 1890 725 1978 Dominum,
764 1889 863 1962 ab
833 1916 901 1976 ers,
929 1889 990 1986 qui
1016 1888 1133 1962 audie-

99 2000 205 2096 runt,
233 2014 270 2079 in
294 2035 362 2081 nos
386 2008 593 2087 confirmata
615 2028 684 2094 est,
710 2026 929 2080 contestante
958 2005 1043 2080 Deo
1068 2007 1131 2102 fig-

98 2129 175 2215 nis,
205 2148 241 2199 et
265 2125 462 2222 portentis,
490 2145 524 2197 ot
548 2125 653 2197 variis
682 2124 893 2212 virtutibus,
925 2144 958 2197 et
984 2124 1128 2222 Spiritus

99 2242 537 2336 sanctildistributionibus
555 2241 749 2314 fecundum
764 2243 860 2314 suam
874 2245 1130 2315 voluntatem.“
1150 2335 1152 2338 Α

99 2360 299 2446 Praesentes
328 2359 493 2446 Christo,
531 2377 671 2431 etcum
700 2386 744 2432 eo
773 2378 1002 2432 conversatos
1030 2357 1130 2453 quod

98 2478 248 2563 attinet,
271 2474 323 2548 uti
343 2475 380 2546 in
401 2495 496 2547 tanta
515 2501 631 2547 rerum
654 2476 779 2573 copia,
801 2474 888 2546 serie
908 2495 944 2546 et
960 2457 1131 2572 apparatu
1217 2457 1225 2463 i

98 2592 173 2667 falti
211 2617 287 2664 non
322 2609 545 2689 potuerunt,
586 2595 700 2664 multo
738 2591 853 2661 minus
889 2591 976 2662 alios
1011 2592 1131 2661 fallere
1160 2611 1164 2616 ’

99 2709 259 2784 voluisse
282 2708 450 2781 censendi
471 2711 569 2795 sunt,
593 2708 763 2803 siquidem
793 2705 937 2779 Christo
959 2728 1133 2781 tamcon·

96 2827 327 2901 tumeliosam
359 2847 509 2898 mortem
536 2825 573 2896 in
594 2848 701 2896 cruce.
723 2849 914 2921 perpessO,
945 2827 1026 2921 spe,
1061 2850 1132 2920 qua

96 2943 211 3017 illecti
243 2960 360 3029 erant,
387 2943 536 3015 fuissent
561 2940 740 3029 frustrati,
768 2967 808 3013 ac
837 2941 1131 3036 promissionibus

98 3086 147 3133 er<
184 3058 276 3131 illius
309 3058 594 3145 resurrectione,
634 3085 712 3154 quac
746 3079 800 3130 est
830 3079 937 3155 caput
971 3057 1132 3129 omnium

98 3177 374 3263 miraculorum,
411 3202 452 3249 ac
483 3176 662 3270 religionis
694 3174 889 3248 christianae
923 3175 1131 3271 colophon3

99 3319 147 3366 ex
168 3319 240 3389 qua
265 3295 384 3364 omnia
418 3293 690 3390 dependebant,
719 3313 755 3365 et
780 3292 951 3388 consequi
983 3317 1152 3364 necesse’

99 3430 214 3484 erant.
281 3409 390 3483 Unde
424 3411 518 3482 idem
549 3413 760 3506 apostolus,
800 3421 944 3502 Quodsi,
991 3407 1044 3481 ait
1076 3405 1135 3500 b).
1181 3435 1184 3452 ·

98 3539 244 3599 Christus
261 3555 319 3598 non
335 3542 523 3616 resurrexit,
540 3555 627 3597 uuna
645 3549 691 3598 est
698 3535 777 3612 fides
792 3548 917 3611 uestra,
936 3536 1041 3598 adduc
1057 3527 1136 3598 enim

95 3658 175 3720 rstis
194 3657 227 3714 r'n
244 3657 379 3733 peccatis
398 3657 519 3719 vostris.
561 3655 642 3730 Ergo
664 3667 695 3716 et
714 3657 768 3735 qui
792 3655 980 3714 dormierunt
998 3656 1030 3714 in
1044 3655 1150 3734 'Chris

98 3785 171 3849 sto,
189 3774 360 3850 perierunt.
406 3773 439 3832 Si
460 3775 493 3832 'in
510 3773 569 3834 lroc
585 3776 658 3832 vitu
679 3782 801 3830 tautum
821 3773 853 3832 in
876 3771 997 3862 Christo
1002 3771 1136 3851 speran-

94 3887 287 3967 rtcsfiurnts,
312 3889 544 3965 ndserubiliorts
555 3889 668 3968 sumtu
686 3889 822 3950 omuibus
843 3889 1024 3963 lromirrr'bur,

142 4028 173 4103 r)
198 4027 274 4085 Heir.
299 4029 339 4090 H·
364 4041 390 4098 3·
493 4030 522 4106 t)
545 4033 569 4092 1.
598 4034 650 4087 Cor.
669 4031 740 4089 κΧΙῙ.
766 4041 807 4102 [ξ’.
