2460 4560
433 333 666 390 Ξ
914 341 985 426 253

102 488 137 561 r‘n
159 515 222 580 quo
234 495 317 575 sunt
342 513 444 560 omnes
469 497 607 559 thesauri
619 497 782 581 supientia
808 499 986 563 absconditi.
1014 481 1128 547 ΟΜ*

102 605 169 676 Ad
193 604 376 676 Christum
412 624 533 676 natum
564 631 701 700 usque,
742 607 822 678 coeli
840 605 986 702 quidem
1035 601 1105 656 ΧΠ·

103 721 410 794 annuntiaverunt
433 722 583 816 gloriam
609 721 705 809 Dei,
731 748 813 819 quae
831 749 923 796 unus
945 717 1139 798 κυψ-

100 840 201 910 folus
234 858 286 910 est
320 864 360 910 ac
395 865 471 910 esse
508 840 616 911 debet
645 825 840 935 creatarum
866 866 985 913 rerum

104 954 268 1028 omnium
294 955 395 1042 finis,
424 982 443 1027 a
467 943 683 1052 quotamen
713 957 912 1033 desciscens
937 959 984 1030 ad

99 1091 282 1145 'creaturas
314 1073 425 1146 homo
461 1072 596 1145 iamin
628 1075 808 1171 paradyso
836 1101 872 1146 se
900 1056 996 1146 con·-¹

52 1248 56 1257 .
100 1189 231 1275 vertit,
253 1189 409 1285 indeque
431 1193 572 1285 pulsus,
598 1212 798 1289 eousquea
820 1193 891 1264 fine
911 1192 984 1270 hoc
1088 1215 1091 1218 ·

98 1307 230 1378 ultimo
268 1304 464 1392 aberravit,
509 1327 549 1381 ut
579 1308 717 1385 abiecto
757 1309 858 1382 etiam
891 1332 981 1382 vero
1080 1312 1084 1324 ’

52 1490 54 1494 ,
102 1420 192 1494 Deo
218 1421 324 1494 falsos
347 1422 413 1493 *srbi
441 1423 646 1519 effingeret,
675 1425 803 1522 quibus
830 1425 981 1522 gloriam

102 1538 168 1611 soli
197 1538 284 1610 Deo
312 1540 465 1612 debitam
490 1543 675 1618 redderet:
716 1563 776 1622 aut
802 1543 829 1615 si
856 1560 980 1616 verum
1030 1561 1033 1570 “

53 1726 56 1733 ,
102 1655 227 1728 Deum
254 1677 481 1751 agnosceret,
506 1662 655 1754 gloriam
676 1659 708 1731 ei
729 1659 885 1730 debitam
904 1685 980 1757 per-

100 1791 277 1860 verteret,
301 1800 384 1861 nec,
402 1800 481 1870 quae
501 1801 545 1852 eo
560 1776 668 1871 digna
682 1795 772 1862 erat,
794 1774 980 1846 redhibere

100 1891 245 1987 posset,
273 1889 443 1962 donetis
469 1890 506 1967 iu
533 1893 706 1968 mundum
723 1891 893 1978 venisset,
920 1889 982 1985 qui.

101 2006 208 2078 Deus
244 2025 278 2077 et
310 2008 421 2078 homo
456 2005 604 2109 gloriam
640 2007 741 2086 Deo‘
765 1995 982 2104 condignam

101 2142 303 2222 praestaret,
331 2143 366 2195 et
386 2109 584 2229 ὀεοπρέπως
610 2152 675 2199 nos
702 2145 868 2222 praestare
892 2127 981 2196 face·

102 2260 180 2327 ret,
209 2239 296 2326 fibi,
324 2267 343 2311 a
371 2267 445 2336 quo
476 2269 612 2314 eramus
643 2242 798 2329 alienati,
826 2242 982 2315 reconci-

100 2357 229 2442 liatos,
270 2357 407 2430 reddita
444 2359 481 2428 in
523 2379 613 2431 terra
645 2387 732 2456 pace
763 2359 979 2435 hominibus.

55 2524 57 2535 ι
98 2459 261 2561 Pacem,
301 2499 406 2569 quam
438 2476 541 2547 etiam
579 2478 646 2548 suis
689 2477 867 2572 discipulis
899 2495 983 2572 post
1054 2510 1057 2516 ·
1132 2526 1136 2536 ι

100 2591 397 2668 resurrectionem
417 2573 576 2687 reliquit,
599 2620 658 2670 non
680 2603 832 2687 quomodo
850 2603 982 2670 mundus
1019 2596 1022 2602 ’

99 2720 178 2794 dot,
207 2728 350 2804 eratque
376 2729 460 2782 tunc
488 2709 632 2812 quidem
661 2734 733 2803 pax
758 2707 795 2786 in
812 2695 932 2792 orbe,
960 2734 982 2784 a

75 2825 280 2898 ‘Romanis
319 2825 488 2913 devicto¹
528 2852 605 2935 pax·
632 2825 739 2898 armis
772 2851 812 2900 ac
852 2826 982 2935 ,scelere

96 2963 222 3040 parta,
250 2962 356 3038 atque
378 2942 517 3033 invitis,
540 2941 844 3043 renitentibusque
867 2940 981 3038 impo·
1053 3006 1056 3018 .

96 3061 189 3147 sita,
228 3059 297 3156 ipsi
329 3063 443 3132 electo
473 3066 613 3161 populo
645 3059 719 3138 Dei
744 3059 781 3139 iu
808 3058 981 3132 ditionem

94 3195 206 3272 atque
236 3175 274 3247 in
305 3177 506 3256 servitutem
542 3177 699 3255 redacto.
765 3175 866 3255 Dum
890 3194 983 3252 ecce

94 3295 239 3380 adest,
291 3293 352 3389 qui
397 3293 589 3372 mittendus
638 3309 712 3365 erat
761 3291 982 3388 exspectatio

96 3411 288 3508 gentium:
328 3437 384 3482 rex
412 3417 588 3507 pacificus:
621 3421 765 3499 princeps
790 3421 905 3497 pacis:
943 3426 983 3480 ut

97 3529 171 3601 ia'm
200 3554 274 3598 non
303 3547 396 3599 esset
424 3525 602 3598 distinctio
633 3524 745 3597 Judaei
774 3543 808 3594 et
840 3521 979 3612 Graeci,

96 3642 239 3741 Scythae
267 3669 307 3723 ac
337 3643 506 3714 Barbari:
547 3670 617 3741 pax
643 3641 849 3714 hominibus·
874 3641 980 3717 bonae

98 3759 300 3834 voluntatis
337 3761 540 3858 pastoribus
578 3759 811 3834 denunciatur
840 3758 884 3836 ab
922 3784 983 3840 an.

96 3878 199 3976 gelis.
226 3895 230 3901 “
363 3866 371 3885 ’
