2460 4560
1070 362 1116 429 55

94 496 184 588 pieta
197 491 299 575 sunt,
319 504 379 559 aut
390 486 571 584 implenda
584 487 663 559 funt
676 489 838 560 successu
851 496 1064 585 temporum,
1076 491 1117 564 fit

96 607 265 685 assertior.
311 603 485 701 Dumque
506 631 629 676 eorum
651 581 831 693 oinnium,
853 606 983 701 quibus
1001 627 1115 680 totum

94 724 330 819 Evangelium
349 744 551 818 pertextum
571 742 640 809 est,
661 747 701 794 ac
720 726 916 819 repletum,
936 722 1118 796 vaticinio-

93 868 167 913 rum
199 846 246 915 de
277 839 400 913 futuris
426 838 668 935 impletionem
701 864 820 910 coram
845 839 1058 937 intuemur‚‘
1076 865 1116 911 ac

91 962 298 1055 palpamus,
316 958 360 1028 de
379 956 571 1055 miraculis,
591 955 721 1050 quibus
735 955 858 1028 itidem
878 954 1117 1051 Evangelium

91 1094 297 1170 pertextum
329 1092 382 1144 est
414 1098 454 1145 ac
484 1075 679 1168 repletum,
721 1076 858 1144 nullum
884 1093 1004 1173 potest
1038 1099 1115 1144 esse

91 1193 268 1286 reliquum
289 1189 461 1262 dubium:
490 1189 523 1259 Si
550 1188 643 1260 enim
672 1189 841 1286 praedicta
867 1216 942 1262 non
969 1191 1114 1283 fallunt,
1137 1257 1140 1273 ,

95 1333 158 1379 nec
190 1307 284 1378 facta
323 1309 440 1378 fallere
479 1325 628 1402 possunt
660 1332 907 1402 quamcunque
944 1304 1116 1377 mirabilia

94 1424 175 1510 bnt,
199 1449 266 1495 nec
282 1423 448 1496 veritates
468 1421 542 1493 aliae
561 1447 602 1495 ac
618 1424 784 1523 mysteria
801 1415 1115 1526 quantumcunque

97 1559 234 1636 captum
266 1560 427 1612 nostrum
461 1539 657 1626 excedunt,
692 1540 820 1612 eodem
853 1543 927 1612 ore'
948 1543 1114 1636 prolata,
1148 1591 1151 1594 >

95 1657 254 1728 sermone
290 1674 485 1744 contexta,
526 1658 660 1728 calamo
694 1657 922 1753 conscripta,
964 1681 1020 1729 aci
1042 1655 1114 1728 fide

94 1774 251 1869 probata.

93 2121 318 2194 nuruum
355 2123 690 2212 minaeorum
732 2064 963 2210 ornum,
1002 2068 1114 2217 Quo

131 2253 344 2318 Dtscuutts
384 2252 678 2318 MANIFESTbVlT
717 2255 896 2318 crottum
935 2253 1070 2328 SUAM3
1106 2306 1120 2321 ,
1161 2319 1163 2322 ,

243 2372 382 2440 JUDAEIS
416 2372 561 2450 SIGNUM
594 2374 699 2447 JONAE
733 2372 961 2453 Puoutssuu.

91 2590 157 2662 XI.
186 2519 284 2690 Jam
307 2588 530 2664 meminimus>
557 2618 601 2663 ex
623 2591 806 2663 Melitoue
833 2609 957 2662 contra
979 2587 1114 2660 Marci·

91 2733 201 2798 onem
228 2707 324 2801 (qui
345 2705 528 2783 Christum
554 2733 676 2782 verum
705 2708 886 2780 hominem
916 2715 989 2778 esse
1014 2730 1117 2799 nega·

90 2820 178 2912 bat)
206 2848 294 2896 ‚cum
327 2850 374 2896 ex
410 2824 519 2921 ipsius
554 2846 638 2922 post
670 2819 882 2922 baptismum
916 2823 1115 2898 actionibus

92 2941 164 3012 eius
180 2940 349 3034 ⁴<quidem
387 2941 552 3014 divinitas
587 2945 789 3027 elucescat,
817 2946 823 2990 -’
837 2942 1013 3037 idemque
1034 2959 1115 3020 ante

91 3057 307 3154 baptismum
334 3058 429 3133 suam
453 3059 704 3134 humanitatem
729 3059 797 3129 iam
822 3059 1117 3140 demonstrasset,

90 3200 200 3261 „non
228 3189 305 3246 'esse
332 3175 567 3247 necessarium
588 3176 662 3262 his,
689 3181 780 3270 q'uos
801 3176 889 3247 ratio
915 3201 989 3250 non
1008 3174 1115 3275 ¹fugit,

92 3291 363 3363 exactionibus
396 3291 527 3363 Christi
556 3312 641 3388 post
674 3292 887 3388 baptismum
917 3292 1133 3373 adstruere,-'

90 3429 124 3480 et
144 3403 390 3490 demonstrare
410 3408 537 3480 animae·
554 3429 589 3481 et
608 3409 768 3505 corporis
787 3409 877 3495 eius,
900 3407 1115 3482 ethumauae

88 3547 224 3599 naturae
259 3525 446 3614 nobiscum
480 3525 724 3602 convenientis
756 3524 975 3610 veritatem,.
1001 3545 1045 3596 et·
1071 3525 1117 3595 ab

89 3643 190 3715 omni
210 3643 356 3722 fictione
384 3643 630 3719 remotionem.
693 3641 787 3714 Nam
812 3665 897 3735 quae
915 3661 998 3738 post
1030 3643 1119 3737 bap·

87 3761 231 3833 tismum
260 3786 282 3831 a
312 3760 457 3833 Christo
482 3780 579 3857 gesta
604 3763 704 3843 sunt,
744 3759 895 3830 maxime
928 3759 1116 3843 miracula,

88 3882 256 3952 latentem
280 3878 353 3950 eius
376 3878 592 3951 divinitatem
614 3875 835 3972 potissimum
858 3877 995 3948 mundo
1021 3869 1114 3945 com·

88 3997 319 4091 probabant,
364 4015 400 4065 et
437 3983 716 4066 confirmabant:
758 4021 838 4082 cum
882 3994 975 4079 euim
1011 3989 1113 4073 Deus

1165 4174 1169 4205 i
