2460 4560
112 493 226 558 CAPUT
250 500 404 601 respexit
428 499 464 571 in
493 501 785 597 temperantiam,
812 492 975 598 respeirit
999 506 1035 576 in
1058 505 1110 576 for·

135 611 199 670 Vll.
248 619 465 705 titudinem,
515 639 622 714 atque
666 619 882 715 sapientiam.
963 621 1111 717 Dignum

96 727 377 834 &quippe
407 755 476 822 est,
502 755 543 808 ut
562 737 710 808 virtutes
733 737 908 857 respiciat.
964 739 1113 836 Respon-

246 855 328 926 deat
350 854 494 948 aliquis,
522 873 556 927 et
579 852 693 924 dicat:
721 853 907 949 Intellig0,
938 852 1112 951 quomodo

248 969 352 1041 Deus
379 971 541 1043 iustitiam
569 969 702 1040 ancillae
728 973 820 1057 suae,
848 971 1114 1068 sapientiamque

244 1087 429 1182 respiciat:
458 1087 644 1182 quomodo
668 1107 784 1158 autem
808 1087 974 1161 intendat
995 1088 1115 1160 humili·

247 1224 373 1288 tatem,
388 1203 553 1274 nonsatis
568 1203 698 1298 liquet:
714 1203 952 1292 Consideret,
968 1207 1029 1303 qui
1040 1231 1118 1301 quae·

247 1321 292 1393 rit
314 1322 413 1407 talia,
438 1320 606 1415 quoniam
627 1323 771 1417 proprie
792 1322 828 1392 in
856 1323 1038 1420 scripturis
1059 1347 1116 1394 una

247 1439 293 1509 de
312 1437 499 1509 virtutibus
513 1437 687 1509 humilitas
705 1438 927 1536 praedicetur.
972 1439 1037 1510 Ait
1053 1437 1115 1534 qui-

250 1581 298 1650 pe
315 1554 483 1625 lalvator:
505 1562 622 1625 Discite
635 1583 656 1623 α
673 1584 737 1640 me,
756 1569 831 1646 quia
854 1564 1114 1644 mansuetursum,

251 1693 282 1743 et
303 1682 429 1742 humilis
451 1681 555 1757 corde,
580 1692 610 1742 et
627 1683 790 1748 invenietis
810 1687 948 1765 requiem
971 1681 1115 1744 ammata

247 1803 369 1860 vestris.
451 1786 594 1880 Quodsi
622 1787 676 1859 vis
712 1813 844 1859 nemen
871 1789 979 1862 huius
1009 1787 1115 1861 audire

245 1904 402 1989 virtutis,
431 1905 617 1999 quomodo
644 1905 746 1977 etiam
771 1932 791 1976 a
817 1906 1043 2003 philosophis
1068 1932 1115 2000 ap·

246 2025 418 2117 pellatur,
453 2025 630 2108 ausculta,
669 2022 817 2093 eandem
853 2048 929 2095 esse
957 2023 1117 2096 humilita-

244 2157 334 2224 tem,
370 2163 475 2232 quam
504 2137 669 2234 respiciat
696 2136 832 2229 Deus,
874 2165 956 2234 quae
986 2141 1032 2222 ab
1060 2137 1115 2210 illis

244 2254 403 2350 ἀτυφία,
432 2253 503 2324 five
526 2241 691 2352 μετριέτης
719 2259 928 2352 appellatur.
993 2257 1062 2328 Sed
1089 2273 1115 2325 et

250 2399 316 2443 nos
340 2372 495 2466 quodam
518 2398 593 2442 eam
615 2399 800 2468 possumus
823 2372 943 2444 dicere
967 2373 1113 2456 circuitu,

248 2515 329 2560 cum
356 2486 479 2588 aliquis
507 2515 581 2589 non
608 2510 661 2571 est
685 2489 847 2575 inflatus,
885 2490 948 2560 sed
980 2490 1055 2586 ipse
1085 2513 1114 2560 se

248 2589 373 2678 delicit.
426 2605 501 2707 Qui
519 2605 611 2683 enim
631 2606 793 2692 inflatur,
813 2606 907 2679 cadit
930 2608 1114 2681 secundum
1140 2614 1143 2621 “

210 2786 213 2792 ,
244 2727 446 2820 apostolum
477 2723 514 2794 in
550 2722 719 2797 iudicium
750 2722 910 2797 diaboli:
952 2725 1113 2820 srquidem

245 2858 279 2911 et
297 2840 354 2911 ille
378 2839 422 2911 ab
448 2838 635 2919 inflatione
658 2840 784 2936 coepit,
812 2860 919 2935 atque
947 2841 1112 2938 superbia.

248 2967 287 3027 Ut
309 2984 394 3043 non,
429 2955 568 3051 inquit,
602 2969 735 3042 instatur
759 2970 792 3027 in
819 2969 972 3029 iudicium
1008 2969 1112 3030 incidat

241 3083 366 3144 diaboli.
418 3067 564 3161 Respexit
570 3079 669 3162 super
686 3084 895 3154 humilitatem
919 3085 1038 3146 ancilla
1047 3083 1111 3164 sua.

240 3188 422 3262 Humilem
444 3215 520 3276 me,
545 3188 676 3286 inquit,
697 3211 732 3263 et
750 3191 1035 3268 mansuetudinis
1055 3194 1112 3264 sec·

243 3327 407 3405 tantem,
452 3307 731 3409 deiectionisque
763 3308 929 3384 virtutem
968 3306 1112 3408 respexit

243 3425 358 3498 Deus.
423 3436 499 3498 Ecce
530 3434 622 3496 enim'
642 3437 752 3496 amodo
780 3434 904 3496 beatam
934 3455 985 3498 me
1026 3439 1112 3499 dicent

242 3574 345 3616 omnes
365 3556 584 3629 generationes.
636 3541 671 3619 Si
697 3542 897 3641 simpliciter
925 3541 1111 3639 intelligam

241 3687 365 3732 omnes
393 3659 661 3762 generationeS,
697 3660 803 3754 ¹super
828 3659 1061 3733 credentibus
1083 3659 1133 3729 il.

238 3777 302 3848 lud
333 3777 555 3873 interpretor,
624 3775 657 3859 Si
693 3797 810 3856 autem
849 3775 952 3849 altius
993 3773 1113 3876 aliquid

197 3975 202 3986 ,
236 3893 338 3974 fuero
368 3895 553 3981 scrutatus,
588 3893 886 3981 animadvertam,
930 3897 1058 3991 quanti
1077 3894 1113 3968 'fit

239 4011 420 4107 profectus
441 4009 575 4084 dicere:
610 4021 695 4104 Quia
710 4021 792 4101 fecit
811 4022 890 4084 milri
908 4041 1047 4104 magna,
1071 4020 1114 4107 qui
