2460 4560
1063 374 1125 446 ..29

93 514 213 570 terent
231 494 377 568 adeum
395 488 454 585 a),
472 513 512 566 ut
527 493 787 590 interrogarent
804 521 905 582 eum,
924 497 1001 593 quis
1020 518 1141 595 esset,¹

97 634 169 701 „ut
193 637 431 709 responsum,
466 611 587 697 aiunt,
614 611 737 683 demus
763 611 836 682 his:
870 614 932 707 qui
952 615 1123 703 miserunt

95 731 195 802 nos?
223 727 337 822 'Quid
365 727 450 800 dicis
477 728 522 798 de
550 725 692 823 teipso?
730 727 815 800 Ait:
854 729 936 824 Ego
961 757 1036 803 vox
1058 736 1124 806 cla·
1193 784 1198 789 ff

95 845 226 918 mantis
254 864 318 917 etc.
369 845 418 917 Et
442 844 504 940 qui
529 843 626 914 missi
650 844 809 932 fuerant,
837 865 936 917 eraut
962 873 1008 918 ex
1035 846 1124 920 Pha
1153 919 1156 927 ,

94 963 218 1035 risaeis.
251 961 318 1033 'Et
342 959 652 1056 interrogaverunt
678 984 784 1045 eum,
811 980 847 1032 et
871 961 1042 1037 dixerunt
1067 964 1122 1036 eir

97 1079 201 1173 Quid
224 1103 311 1173 ergo
330 1076 508 1174 baptizas,
536 1077 564 1150 si
586 1076 625 1149 t'u
645 1102 721 1148 non
742 1103 778 1149 es
791 1076 978 1166 Christus,
1006 1105 1124 1176 neque

96 1197 219 1282 Elias,
254 1213 370 1289 neque
400 1184 608 1292 propheta?
647 1192 856 1292 Respondit
887 1195 947 1268 eis·
968 1196 1125 1270 loannes
1155 1246 1157 1250 -

99 1312 243 1385 dicens:
269 1311 352 1406 Ego
376 1309 520 1408 baptizo
542 1309 581 1380 in
605 1334 719 1405 aqua:
746 1311 883 1385 medius
910 1333 1027 1386 autem
1049 1339 1126 1387 ves·

96 1447 192 1507 trum
218 1426 330 1513 stetit,
365 1453 471 1522 quem
498 1451 566 1499 vos
592 1427 784 1516 nescitis,“
822 1428 1001 1502 Christum
1032 1429 1137 1502 indi.

97 1546 236 1640 girans,
271 1543 369 1616 cuius
396 1544 631 1641 baptismum,
658 1545 846 1639 quomodo
870 1547 978 1618 aluo
1005 1546 1125 1618 distin·

96 1662 213 1748 xerit,
239 1659 363 1756 reliqui
384 1680 452 1733 tres
476 1659 712 1757 Evangelistae
738 1679 908 1735 testantur
928 1658 983 1751 b):
1011 1707 1032 1747 „
1042 1663 1124 1756 Ego
1156 1715 1162 1721 -

97 1780 246 1875 quidem
268 1764 414 1873 baptizo
436 1797 505 1850 vos
531 1777 570 1847 in
594 1801 688 1870 aqua
713 1776 749 1845 in
773 1775 1035 1871 poenitentiam:
1063 1777 1161 1872 quif.

97 1916 217 1968 autem
241 1915 324 1990 post
345 1920 402 1965 me
423 1912 594 1965 venturus
616 1911 688 1976 est,
713 1892 840 1964 fortior
857 1911 915 1964 me
937 1912 1005 1980 est,
1026 1893 1125 1966 cuius
1156 1948 1160 1956 .

97 2039 176 2084 non
205 2012 288 2082 lum
317 2009 447 2105 dignus
476 2011 710 2081 calceamenta
740 2027 908 2105 portare:
952 2008 1026 2107 ipse
1055 2035 1123 2083 vos

97 2124 294 2223 baptizabit
322 2127 360 2196 in
392 2113 522 2221 Spiritu
550 2123 680 2196 Sancto
705 2142 741 2199 et
768 2125 852 2221 igni.
907 2124 1018 2199 Cuius
1037 2153 1147 2205 vem„

99 2243 266 2315 tilabrum
282 2242 319 2312 in
337 2269 445 2315 manu
457 2244 535 2315 sua:
555 2260 591 2312 et
606 2242 857 2337 permundabit
872 2267 990 2315 aream
1007 2244 1122 2315 suam:
1154 2304 1158 2310 ,

99 2381 142 2431 et:
161 2358 395 2453 congregabit
419 2358 571 2431 triticum
596 2360 696 2431 suum
722 2358 760 2429 in
789 2359 978 2448 horreum,
1003 2362 1124 2456 paleas

98 2496 219 2550 autem
244 2474 431 2549 comburet
454 2474 529 2572 igni
550 2474 823 2571 inextinguibili.
851 2478 873 2514 “

126 2742 128 2747 ,
175 2692 412 2768 concordant
433 2693 510 2767 haec
528 2717 609 2767 cum
629 2693 818 2792 prophetia
830 2691 1002 2767 Simeonis
1015 2697 1125 2792 paulo

98 2830 183 2885 ante
206 2814 326 2898 allata,
352 2811 508 2908 positum
532 2836 609 2884 esse
632 2812 811 2884 Christum
838 2811 876 2882 in
905 2811 1063 2901 ruinam,
1088 2831 1127 2894 et

98 2929 137 3000 in
159 2927 452 3000 resurrectionem
473 2930 666 2999 multorum
688 2928 724 2998 in
749 2928 865 3000 Israel.
919 2927 1011 3022 Quae
1035 2944 1170 3006 veros¹

98 3044 196 3116 idem
217 3043 360 3117 Simeon
382 3044 419 3116 in
440 3045 505 3116 luo
527 3044 665 3116 cantico
690 3044 735 3115 de
753 3045 945 3132 vocatione
962 3045 1132 3140 gentium·

99 3160 228 3247 babet,
246 3159 278 3234 S.
291 3161 446 3234 loannes
459 3160 654 3233 admirabili
667 3144 834 3256 allegoria
845 3159 993 3246 Judaeis,
1013 3160 1126 3232 simul-

100 3300 175 3372 que
194 3277 481 3374 reprobationem
504 3303 627 3349 eorum
647 3277 779 3349 indicat
799 3274 855 3365 c):
892 3271 984 3360 „Ne
1009 3275 1128 3349 velitis

100 3393 221 3466 dicere
239 3394 330 3465 intra
344 3418 434 3465 vos:
454 3391 594 3465 Patrem
611 3392 782 3465 habemus
793 3391 1010 3464 Abraham:
1042 3391 1126 3469 dico
1211 3427 1214 3431 ·

100 3509 198 3583 enim
213 3508 336 3598 vobis,
355 3508 672 3612 quoniampotens
691 3527 743 3580 est
758 3505 864 3580 Deus
882 3506 928 3587 de
944 3506 1124 3605 lapidibus

97 3625 174 3699 istis
187 3624 350 3699 suscitare
364 3625 457 3699 filios
471 3625 638 3699 Abrahae.
663 3623 739 3697 Jam
757 3622 850 3695 enim
868 3623 1002 3720 securis
1010 3627 1057 3698 ad
1073 3651 1128 3700 ra·
1147 3675 1149 3679 .

100 3743 218 3815 ditem
238 3743 403 3816 arborum
426 3744 544 3840 posita
560 3762 632 3817 est:
661 3738 778 3814 omnis
797 3765 881 3837 ergo
899 3742 1022 3832 arbor,
1043 3734 1123 3840 quit

98 3887 178 3934 non
197 3859 280 3932 lacit
306 3861 461 3934 fructum
480 3861 638 3950 bonum,
666 3858 931 3967 excideturqlet
951 3859 1125 3957 inignem

99 3977 270 4051 mittetur.
286 3972 309 4018 “
1082 3996 1085 4002 '

143 4125 362 4206 n)J0.I·.19.
446 4128 680 4211 &Mutum
706 4145 749 4192 rr.
788 4094 793 4102 Ι
834 4119 924 4204 M·
946 4141 974 4197 9·
1021 4100 1024 4105 ‚
