<?xml version="1.0" encoding="UTF-8"?>
<!DOCTYPE html PUBLIC "-//W3C//DTD XHTML 1.0 Transitional//EN"
    "http://www.w3.org/TR/xhtml1/DTD/xhtml1-transitional.dtd">
<html xmlns="http://www.w3.org/1999/xhtml" xml:lang="en" lang="en">
 <head>
  <title>
</title>
<meta http-equiv="Content-Type" content="text/html;charset=utf-8" />
  <meta name='ocr-system' content='tesseract 3.04.00' />
  <meta name='ocr-capabilities' content='ocr_page ocr_carea ocr_par ocr_line ocrx_word'/>
</head>
<body>
  <div class='ocr_page' id='page_1' title='image "./desublimiinevan01gerbgoog_0116.png"; bbox 0 0 2460 4560; ppageno 0'>
   <div class='ocr_carea' id='block_1_1' title="bbox 500 330 1130 428">
    <p class='ocr_par' dir='ltr' id='par_1_1' title="bbox 500 330 1130 428">
     <span class='ocr_line' id='line_1_1' title="bbox 500 330 1130 428; baseline -0.008 -22"><span class='ocrx_word' id='word_1_1' title='bbox 500 330 735 405; x_wconf 64' lang='grc' dir='ltr'><em>Ξ.-““-““-</em></span> <span class='ocrx_word' id='word_1_2' title='bbox 1024 342 1130 428; x_wconf 72' lang='lat'>‘89</span> 
     </span>
    </p>
   </div>
   <div class='ocr_carea' id='block_1_2' title="bbox 85 468 1156 3977">
    <p class='ocr_par' dir='ltr' id='par_1_2' title="bbox 85 468 1156 3977">
     <span class='ocr_line' id='line_1_2' title="bbox 92 468 1129 577; baseline -0.006 -17"><span class='ocrx_word' id='word_1_3' title='bbox 92 493 198 577; x_wconf 75' lang='lat' dir='ltr'>faciat</span> <span class='ocrx_word' id='word_1_4' title='bbox 224 493 379 562; x_wconf 78' lang='lat' dir='ltr'>virtutem</span> <span class='ocrx_word' id='word_1_5' title='bbox 404 493 438 554; x_wconf 85' lang='lat' dir='ltr'>in</span> <span class='ocrx_word' id='word_1_6' title='bbox 463 494 584 567; x_wconf 71' lang='lat' dir='ltr'>nomine</span> <span class='ocrx_word' id='word_1_7' title='bbox 601 513 685 572; x_wconf 84' lang='lat' dir='ltr'>mco,</span> <span class='ocrx_word' id='word_1_8' title='bbox 713 503 752 555; x_wconf 86' lang='lat' dir='ltr'>et.</span> <span class='ocrx_word' id='word_1_9' title='bbox 763 491 867 574; x_wconf 81' lang='lat' dir='ltr'><em>possit</em></span> <span class='ocrx_word' id='word_1_10' title='bbox 891 494 954 556; x_wconf 86' lang='lat' dir='ltr'>cito</span> <span class='ocrx_word' id='word_1_11' title='bbox 980 468 1061 556; x_wconf 84' lang='lat' dir='ltr'>rriole</span> <span class='ocrx_word' id='word_1_12' title='bbox 1084 494 1129 555; x_wconf 87' lang='lat' dir='ltr'>lo-</span> 
     </span>
     <span class='ocr_line' id='line_1_3' title="bbox 101 598 1134 698; baseline 0 -25"><span class='ocrx_word' id='word_1_13' title='bbox 101 611 304 695; x_wconf 81' lang='lat' dir='ltr'>quideme.</span> <span class='ocrx_word' id='word_1_14' title='bbox 370 600 517 697; x_wconf 85' lang='lat' dir='ltr'>Legitur</span> <span class='ocrx_word' id='word_1_15' title='bbox 546 601 644 697; x_wconf 87' lang='lat' dir='ltr'>apud</span> <span class='ocrx_word' id='word_1_16' title='bbox 672 601 891 679; x_wconf 80' lang='lat' dir='ltr'>Mattlraeum</span> <span class='ocrx_word' id='word_1_17' title='bbox 917 598 982 691; x_wconf 85' lang='lat' dir='ltr'>a),</span> <span class='ocrx_word' id='word_1_18' title='bbox 1015 627 1134 698; x_wconf 53' lang='lat' dir='ltr'>acces,</span> 
     </span>
     <span class='ocr_line' id='line_1_4' title="bbox 101 701 1139 822; baseline -0.002 -30"><span class='ocrx_word' id='word_1_19' title='bbox 101 719 183 793; x_wconf 82' lang='lat' dir='ltr'>sisse</span> <span class='ocrx_word' id='word_1_20' title='bbox 212 717 397 790; x_wconf 84' lang='lat' dir='ltr'><strong>Christum</strong></span> <span class='ocrx_word' id='word_1_21' title='bbox 424 719 614 813; x_wconf 85' lang='lat' dir='ltr'>quemdam</span> <span class='ocrx_word' id='word_1_22' title='bbox 638 718 841 822; x_wconf 70' lang='lat' dir='ltr'>afferentem</span> <span class='ocrx_word' id='word_1_23' title='bbox 864 718 978 792; x_wconf 86' lang='lat' dir='ltr'>lilium</span> <span class='ocrx_word' id='word_1_24' title='bbox 1005 701 1139 790; x_wconf 49' lang='lat' dir='ltr'>limati(</span> 
     </span>
     <span class='ocr_line' id='line_1_5' title="bbox 101 833 1130 933; baseline 0.003 -24"><span class='ocrx_word' id='word_1_25' title='bbox 101 861 202 923; x_wconf 84' lang='lat' dir='ltr'>cum,</span> <span class='ocrx_word' id='word_1_26' title='bbox 230 856 272 907; x_wconf 89' lang='lat' dir='ltr'>ut</span> <span class='ocrx_word' id='word_1_27' title='bbox 291 835 491 922; x_wconf 87' lang='lat' dir='ltr'>vocabant,</span> <span class='ocrx_word' id='word_1_28' title='bbox 514 836 794 925; x_wconf 83' lang='lat' dir='ltr'>daemoniacum,</span> <span class='ocrx_word' id='word_1_29' title='bbox 821 862 926 933; x_wconf 91' lang='lat' dir='ltr'>quem</span> <span class='ocrx_word' id='word_1_30' title='bbox 947 833 1045 933; x_wconf 88' lang='lat' dir='ltr'>prius</span> <span class='ocrx_word' id='word_1_31' title='bbox 1065 834 1130 912; x_wconf 54' lang='lat' dir='ltr'>‘bv</span> 
     </span>
     <span class='ocr_line' id='line_1_6' title="bbox 100 952 1130 1056; baseline -0.001 -31"><span class='ocrx_word' id='word_1_32' title='bbox 100 957 228 1032; x_wconf 85' lang='lat' dir='ltr'>tulerat</span> <span class='ocrx_word' id='word_1_33' title='bbox 264 952 338 1026; x_wconf 90' lang='lat' dir='ltr'>eius</span> <span class='ocrx_word' id='word_1_34' title='bbox 373 952 576 1049; x_wconf 82' lang='lat' dir='ltr'>discipulis,</span> <span class='ocrx_word' id='word_1_35' title='bbox 612 973 648 1025; x_wconf 89' lang='lat' dir='ltr'>et</span> <span class='ocrx_word' id='word_1_36' title='bbox 678 978 754 1025; x_wconf 91' lang='lat' dir='ltr'>non</span> <span class='ocrx_word' id='word_1_37' title='bbox 782 973 978 1056; x_wconf 74' lang='lat' dir='ltr'>potuerunt</span> <span class='ocrx_word' id='word_1_38' title='bbox 1006 977 1130 1025; x_wconf 87' lang='lat' dir='ltr'>curare</span> 
     </span>
     <span class='ocr_line' id='line_1_7' title="bbox 99 1065 1156 1166; baseline -0.003 -19"><span class='ocrx_word' id='word_1_39' title='bbox 99 1091 201 1147; x_wconf 75' lang='lat' dir='ltr'>tum:</span> <span class='ocrx_word' id='word_1_40' title='bbox 216 1070 314 1142; x_wconf 91' lang='lat' dir='ltr'>hunc</span> <span class='ocrx_word' id='word_1_41' title='bbox 328 1065 750 1166; x_wconf 85' lang='lat' dir='ltr'>cumincrepassetlesus,</span> <span class='ocrx_word' id='word_1_42' title='bbox 764 1070 873 1156; x_wconf 84' lang='lat' dir='ltr'>„exiit</span> <span class='ocrx_word' id='word_1_43' title='bbox 883 1071 927 1145; x_wconf 82' lang='lat' dir='ltr'>ab</span> <span class='ocrx_word' id='word_1_44' title='bbox 940 1097 983 1142; x_wconf 92' lang='lat' dir='ltr'>eo</span> <span class='ocrx_word' id='word_1_45' title='bbox 997 1070 1131 1144; x_wconf 60' lang='lat' dir='ltr'>daemos</span> <span class='ocrx_word' id='word_1_46' title='bbox 1152 1122 1156 1131; x_wconf 88' lang='lat'><strong>·</strong></span> 
     </span>
     <span class='ocr_line' id='line_1_8' title="bbox 99 1182 1132 1283; baseline 0.001 -25"><span class='ocrx_word' id='word_1_47' title='bbox 99 1187 220 1282; x_wconf 70' lang='lat' dir='ltr'>nium,</span> <span class='ocrx_word' id='word_1_48' title='bbox 240 1205 277 1259; x_wconf 82' lang='lat' dir='ltr'>et</span> <span class='ocrx_word' id='word_1_49' title='bbox 289 1208 429 1260; x_wconf 85' lang='lat' dir='ltr'>curatus</span> <span class='ocrx_word' id='word_1_50' title='bbox 447 1207 500 1259; x_wconf 88' lang='lat' dir='ltr'>est</span> <span class='ocrx_word' id='word_1_51' title='bbox 515 1213 604 1283; x_wconf 87' lang='lat' dir='ltr'>puer</span> <span class='ocrx_word' id='word_1_52' title='bbox 622 1214 667 1258; x_wconf 87' lang='lat' dir='ltr'>ex</span> <span class='ocrx_word' id='word_1_53' title='bbox 685 1182 744 1258; x_wconf 88' lang='lat' dir='ltr'>illa</span> <span class='ocrx_word' id='word_1_54' title='bbox 760 1189 859 1260; x_wconf 87' lang='lat' dir='ltr'>hora.</span> <span class='ocrx_word' id='word_1_55' title='bbox 888 1186 999 1261; x_wconf 87' lang='lat' dir='ltr'>Tunc</span> <span class='ocrx_word' id='word_1_56' title='bbox 1013 1212 1132 1260; x_wconf 83' lang='lat' dir='ltr'>acces·</span> 
     </span>
     <span class='ocr_line' id='line_1_9' title="bbox 98 1302 1129 1401; baseline 0.001 -25"><span class='ocrx_word' id='word_1_57' title='bbox 98 1323 225 1378; x_wconf 88' lang='lat' dir='ltr'>serunt</span> <span class='ocrx_word' id='word_1_58' title='bbox 241 1302 405 1399; x_wconf 91' lang='lat' dir='ltr'>discipuli</span> <span class='ocrx_word' id='word_1_59' title='bbox 418 1306 462 1378; x_wconf 84' lang='lat' dir='ltr'>ad</span> <span class='ocrx_word' id='word_1_60' title='bbox 473 1306 590 1376; x_wconf 85' lang='lat' dir='ltr'>lesum</span> <span class='ocrx_word' id='word_1_61' title='bbox 602 1306 753 1391; x_wconf 82' lang='lat' dir='ltr'>secreto,</span> <span class='ocrx_word' id='word_1_62' title='bbox 769 1324 803 1377; x_wconf 89' lang='lat' dir='ltr'>et</span> <span class='ocrx_word' id='word_1_63' title='bbox 813 1305 997 1376; x_wconf 87' lang='lat' dir='ltr'>dixerunt:</span> <span class='ocrx_word' id='word_1_64' title='bbox 1016 1330 1129 1401; x_wconf 81' lang='lat' dir='ltr'>quare</span> 
     </span>
     <span class='ocr_line' id='line_1_10' title="bbox 99 1420 1127 1516; baseline 0 -24"><span class='ocrx_word' id='word_1_65' title='bbox 99 1447 164 1492; x_wconf 92' lang='lat' dir='ltr'>nos</span> <span class='ocrx_word' id='word_1_66' title='bbox 190 1445 268 1492; x_wconf 90' lang='lat' dir='ltr'>non</span> <span class='ocrx_word' id='word_1_67' title='bbox 292 1420 475 1516; x_wconf 91' lang='lat' dir='ltr'>potuimus</span> <span class='ocrx_word' id='word_1_68' title='bbox 500 1421 626 1503; x_wconf 85' lang='lat' dir='ltr'>eiicere</span> <span class='ocrx_word' id='word_1_69' title='bbox 648 1422 776 1495; x_wconf 78' lang='lat' dir='ltr'>illum?</span> <span class='ocrx_word' id='word_1_70' title='bbox 803 1422 893 1516; x_wconf 76' lang='lat' dir='ltr'>dixit</span> <span class='ocrx_word' id='word_1_71' title='bbox 914 1422 980 1495; x_wconf 89' lang='lat' dir='ltr'>illis</span> <span class='ocrx_word' id='word_1_72' title='bbox 1002 1421 1127 1495; x_wconf 86' lang='lat' dir='ltr'>lesus:</span> 
     </span>
     <span class='ocr_line' id='line_1_11' title="bbox 99 1536 1126 1636; baseline 0.002 -27"><span class='ocrx_word' id='word_1_73' title='bbox 99 1555 250 1633; x_wconf 88' lang='lat' dir='ltr'>propter</span> <span class='ocrx_word' id='word_1_74' title='bbox 266 1536 545 1635; x_wconf 66' lang='lat' dir='ltr'>incredulitatem</span> <span class='ocrx_word' id='word_1_75' title='bbox 561 1558 726 1612; x_wconf 86' lang='lat' dir='ltr'>vestram.</span> <span class='ocrx_word' id='word_1_76' title='bbox 750 1538 870 1611; x_wconf 86' lang='lat' dir='ltr'>Amen</span> <span class='ocrx_word' id='word_1_77' title='bbox 889 1539 1024 1636; x_wconf 87' lang='lat' dir='ltr'><strong>quippe</strong></span> <span class='ocrx_word' id='word_1_78' title='bbox 1042 1539 1126 1611; x_wconf 91' lang='lat' dir='ltr'>dico</span> 
     </span>
     <span class='ocr_line' id='line_1_12' title="bbox 99 1653 1127 1752; baseline -0.001 -24"><span class='ocrx_word' id='word_1_79' title='bbox 99 1653 229 1742; x_wconf 88' lang='lat' dir='ltr'>vobis,</span> <span class='ocrx_word' id='word_1_80' title='bbox 266 1654 295 1729; x_wconf 90' lang='lat' dir='ltr'>si</span> <span class='ocrx_word' id='word_1_81' title='bbox 322 1656 514 1747; x_wconf 82' lang='lat' dir='ltr'>habueritis</span> <span class='ocrx_word' id='word_1_82' title='bbox 545 1657 651 1730; x_wconf 88' lang='lat' dir='ltr'><strong>fidem</strong></span> <span class='ocrx_word' id='word_1_83' title='bbox 683 1657 771 1728; x_wconf 76' lang='lat' dir='ltr'>sicut</span> <span class='ocrx_word' id='word_1_84' title='bbox 795 1681 945 1751; x_wconf 83' lang='lat' dir='ltr'>granum</span> <span class='ocrx_word' id='word_1_85' title='bbox 970 1656 1127 1752; x_wconf 83' lang='lat' dir='ltr'>finapis,</span> 
     </span>
     <span class='ocr_line' id='line_1_13' title="bbox 102 1771 1127 1860; baseline 0.001 -17"><span class='ocrx_word' id='word_1_86' title='bbox 102 1772 223 1846; x_wconf 83' lang='lat' dir='ltr'>dicetis</span> <span class='ocrx_word' id='word_1_87' title='bbox 248 1771 364 1859; x_wconf 81' lang='lat' dir='ltr'>monti</span> <span class='ocrx_word' id='word_1_88' title='bbox 386 1773 491 1860; x_wconf 87' lang='lat' dir='ltr'>huic,</span> <span class='ocrx_word' id='word_1_89' title='bbox 520 1772 627 1845; x_wconf 85' lang='lat' dir='ltr'>transi</span> <span class='ocrx_word' id='word_1_90' title='bbox 649 1771 732 1843; x_wconf 89' lang='lat' dir='ltr'>hinc</span> <span class='ocrx_word' id='word_1_91' title='bbox 755 1772 862 1859; x_wconf 91' lang='lat' dir='ltr'>illuc,</span> <span class='ocrx_word' id='word_1_92' title='bbox 890 1794 925 1845; x_wconf 82' lang='lat' dir='ltr'>nt</span> <span class='ocrx_word' id='word_1_93' title='bbox 947 1772 1127 1858; x_wconf 81' lang='lat' dir='ltr'>transibit,</span> 
     </span>
     <span class='ocr_line' id='line_1_14' title="bbox 102 1888 1128 1987; baseline -0.002 -25"><span class='ocrx_word' id='word_1_94' title='bbox 102 1909 134 1962; x_wconf 87' lang='lat' dir='ltr'>et</span> <span class='ocrx_word' id='word_1_95' title='bbox 151 1889 241 1965; x_wconf 89' lang='lat' dir='ltr'>nihil</span> <span class='ocrx_word' id='word_1_96' title='bbox 258 1888 479 1987; x_wconf 88' lang='lat' dir='ltr'>impossibile</span> <span class='ocrx_word' id='word_1_97' title='bbox 501 1888 565 1962; x_wconf 90' lang='lat' dir='ltr'>erit</span> <span class='ocrx_word' id='word_1_98' title='bbox 582 1888 728 1965; x_wconf 82' lang='lat' dir='ltr'>vobis.“</span> <span class='ocrx_word' id='word_1_99' title='bbox 771 1890 944 1961; x_wconf 88' lang='lat' dir='ltr'>Montem</span> <span class='ocrx_word' id='word_1_100' title='bbox 965 1888 1128 1960; x_wconf 88' lang='lat' dir='ltr'>Christus</span> 
     </span>
     <span class='ocr_line' id='line_1_15' title="bbox 101 2003 1127 2102; baseline 0 -24"><span class='ocrx_word' id='word_1_101' title='bbox 101 2033 175 2079; x_wconf 90' lang='lat' dir='ltr'>non</span> <span class='ocrx_word' id='word_1_102' title='bbox 197 2006 327 2100; x_wconf 87' lang='lat' dir='ltr'>legitur</span> <span class='ocrx_word' id='word_1_103' title='bbox 351 2006 590 2094; x_wconf 81' lang='lat' dir='ltr'>transtulisse,</span> <span class='ocrx_word' id='word_1_104' title='bbox 617 2003 781 2102; x_wconf 85' lang='lat' dir='ltr'>promisit</span> <span class='ocrx_word' id='word_1_105' title='bbox 803 2025 919 2080; x_wconf 85' lang='lat' dir='ltr'>tamen</span> <span class='ocrx_word' id='word_1_106' title='bbox 943 2005 1033 2094; x_wconf 85' lang='lat' dir='ltr'>luis,</span> <span class='ocrx_word' id='word_1_107' title='bbox 1059 2031 1127 2084; x_wconf 61' lang='lat' dir='ltr'>‚eos</span> 
     </span>
     <span class='ocr_line' id='line_1_16' title="bbox 100 2122 1128 2221; baseline -0.001 -25"><span class='ocrx_word' id='word_1_108' title='bbox 100 2124 236 2196; x_wconf 80' lang='lat' dir='ltr'>maiora</span> <span class='ocrx_word' id='word_1_109' title='bbox 260 2124 413 2211; x_wconf 87' lang='lat' dir='ltr'>horum,</span> <span class='ocrx_word' id='word_1_110' title='bbox 449 2149 528 2220; x_wconf 85' lang='lat' dir='ltr'>quae</span> <span class='ocrx_word' id='word_1_111' title='bbox 556 2123 631 2221; x_wconf 90' lang='lat' dir='ltr'>ipse</span> <span class='ocrx_word' id='word_1_112' title='bbox 658 2125 811 2208; x_wconf 84' lang='lat' dir='ltr'>fecerat,</span> <span class='ocrx_word' id='word_1_113' title='bbox 844 2124 1000 2196; x_wconf 83' lang='lat' dir='ltr'>facturos</span> <span class='ocrx_word' id='word_1_114' title='bbox 1028 2122 1128 2196; x_wconf 84' lang='lat' dir='ltr'>mira·</span> 
     </span>
     <span class='ocr_line' id='line_1_17' title="bbox 100 2239 1136 2338; baseline 0.005 -25"><span class='ocrx_word' id='word_1_115' title='bbox 100 2244 189 2321; x_wconf 80' lang='lat' dir='ltr'>cula,</span> <span class='ocrx_word' id='word_1_116' title='bbox 262 2239 499 2313; x_wconf 86' lang='lat' dir='ltr'>Confirmavit</span> <span class='ocrx_word' id='word_1_117' title='bbox 529 2261 647 2317; x_wconf 87' lang='lat' dir='ltr'>autem</span> <span class='ocrx_word' id='word_1_118' title='bbox 680 2242 772 2314; x_wconf 85' lang='lat' dir='ltr'>hanc</span> <span class='ocrx_word' id='word_1_119' title='bbox 802 2260 1017 2338; x_wconf 85' lang='lat' dir='ltr'>potestatem¹</span> <span class='ocrx_word' id='word_1_120' title='bbox 1043 2263 1136 2338; x_wconf 87' lang='lat' dir='ltr'>post.</span> 
     </span>
     <span class='ocr_line' id='line_1_18' title="bbox 100 2356 1126 2455; baseline 0.001 -26"><span class='ocrx_word' id='word_1_121' title='bbox 100 2356 397 2435; x_wconf 87' lang='lat' dir='ltr'>resurrectionem</span> <span class='ocrx_word' id='word_1_122' title='bbox 420 2360 537 2445; x_wconf 82' lang='lat' dir='ltr'>suam3</span> <span class='ocrx_word' id='word_1_123' title='bbox 564 2360 661 2431; x_wconf 87' lang='lat' dir='ltr'>unde</span> <span class='ocrx_word' id='word_1_124' title='bbox 687 2358 756 2429; x_wconf 90' lang='lat' dir='ltr'>iam</span> <span class='ocrx_word' id='word_1_125' title='bbox 779 2358 937 2440; x_wconf 73' lang='lat' dir='ltr'>haesitare</span> <span class='ocrx_word' id='word_1_126' title='bbox 963 2385 1038 2431; x_wconf 90' lang='lat' dir='ltr'>non</span> <span class='ocrx_word' id='word_1_127' title='bbox 1061 2384 1126 2455; x_wconf 87' lang='lat' dir='ltr'>po·</span> 
     </span>
     <span class='ocr_line' id='line_1_19' title="bbox 99 2474 1127 2560; baseline -0.001 -11"><span class='ocrx_word' id='word_1_128' title='bbox 99 2493 240 2560; x_wconf 82' lang='lat' dir='ltr'>terant,</span> <span class='ocrx_word' id='word_1_129' title='bbox 278 2501 358 2547; x_wconf 89' lang='lat' dir='ltr'>cum</span> <span class='ocrx_word' id='word_1_130' title='bbox 385 2475 422 2546; x_wconf 91' lang='lat' dir='ltr'>in</span> <span class='ocrx_word' id='word_1_131' title='bbox 449 2476 594 2548; x_wconf 89' lang='lat' dir='ltr'>Christo</span> <span class='ocrx_word' id='word_1_132' title='bbox 620 2476 814 2549; x_wconf 84' lang='lat' dir='ltr'>maximum</span> <span class='ocrx_word' id='word_1_133' title='bbox 840 2475 999 2549; x_wconf 90' lang='lat' dir='ltr'>omnium</span> <span class='ocrx_word' id='word_1_134' title='bbox 1026 2474 1127 2548; x_wconf 65' lang='lat' dir='ltr'>mira·</span> 
     </span>
     <span class='ocr_line' id='line_1_20' title="bbox 99 2590 1128 2689; baseline -0.006 -23"><span class='ocrx_word' id='word_1_135' title='bbox 99 2597 221 2679; x_wconf 86' lang='lat' dir='ltr'>culum</span> <span class='ocrx_word' id='word_1_136' title='bbox 248 2591 431 2689; x_wconf 91' lang='lat' dir='ltr'>impletum</span> <span class='ocrx_word' id='word_1_137' title='bbox 459 2593 718 2688; x_wconf 82' lang='lat' dir='ltr'>conspicerent</span> <span class='ocrx_word' id='word_1_138' title='bbox 782 2590 876 2665; x_wconf 90' lang='lat' dir='ltr'>Cum</span> <span class='ocrx_word' id='word_1_139' title='bbox 902 2618 963 2663; x_wconf 89' lang='lat' dir='ltr'>eos</span> <span class='ocrx_word' id='word_1_140' title='bbox 987 2593 1023 2665; x_wconf 91' lang='lat' dir='ltr'>in</span> <span class='ocrx_word' id='word_1_141' title='bbox 1050 2591 1128 2664; x_wconf 82' lang='lat' dir='ltr'>uni·</span> 
     </span>
     <span class='ocr_line' id='line_1_21' title="bbox 99 2705 1127 2806; baseline 0 -24"><span class='ocrx_word' id='word_1_142' title='bbox 99 2733 245 2782; x_wconf 81' lang='lat' dir='ltr'>versum</span> <span class='ocrx_word' id='word_1_143' title='bbox 288 2709 442 2784; x_wconf 86' lang='lat' dir='ltr'>mitteret</span> <span class='ocrx_word' id='word_1_144' title='bbox 484 2709 629 2798; x_wconf 84' lang='lat' dir='ltr'>orbem,</span> <span class='ocrx_word' id='word_1_145' title='bbox 663 2707 856 2806; x_wconf 79' lang='lat' dir='ltr'>praedicare</span> <span class='ocrx_word' id='word_1_146' title='bbox 890 2705 1127 2803; x_wconf 81' lang='lat' dir='ltr'>Evangelium</span> 
     </span>
     <span class='ocr_line' id='line_1_22' title="bbox 101 2824 1127 2922; baseline -0.005 -22"><span class='ocrx_word' id='word_1_147' title='bbox 101 2825 202 2902; x_wconf 88' lang='lat' dir='ltr'>omni</span> <span class='ocrx_word' id='word_1_148' title='bbox 225 2844 411 2913; x_wconf 86' lang='lat' dir='ltr'>creaturae,</span> <span class='ocrx_word' id='word_1_149' title='bbox 438 2826 576 2922; x_wconf 85' lang='lat' dir='ltr'>„Signa</span> <span class='ocrx_word' id='word_1_150' title='bbox 595 2849 711 2899; x_wconf 87' lang='lat' dir='ltr'>autem</span> <span class='ocrx_word' id='word_1_151' title='bbox 734 2852 815 2911; x_wconf 87' lang='lat' dir='ltr'>eos,</span> <span class='ocrx_word' id='word_1_152' title='bbox 844 2825 961 2898; x_wconf 85' lang='lat' dir='ltr'>aiebat</span> <span class='ocrx_word' id='word_1_153' title='bbox 979 2824 1036 2917; x_wconf 86' lang='lat' dir='ltr'>b),</span> <span class='ocrx_word' id='word_1_154' title='bbox 1052 2824 1127 2921; x_wconf 22' lang='lat' dir='ltr'>&#39;qui</span> 
     </span>
     <span class='ocr_line' id='line_1_23' title="bbox 102 2942 1127 3039; baseline -0.004 -22"><span class='ocrx_word' id='word_1_155' title='bbox 102 2942 338 3030; x_wconf 88' lang='lat' dir='ltr'>crediderint,</span> <span class='ocrx_word' id='word_1_156' title='bbox 376 2944 453 3016; x_wconf 85' lang='lat' dir='ltr'>haec</span> <span class='ocrx_word' id='word_1_157' title='bbox 475 2945 686 3039; x_wconf 86' lang='lat' dir='ltr'>sequentur:</span> <span class='ocrx_word' id='word_1_158' title='bbox 721 2943 925 3014; x_wconf 89' lang='lat' dir='ltr'>innomine</span> <span class='ocrx_word' id='word_1_159' title='bbox 950 2968 1032 3015; x_wconf 91' lang='lat' dir='ltr'>meo</span> <span class='ocrx_word' id='word_1_160' title='bbox 1059 2943 1127 3020; x_wconf 88' lang='lat' dir='ltr'>dae·</span> 
     </span>
     <span class='ocr_line' id='line_1_24' title="bbox 85 3059 1127 3158; baseline 0.002 -26"><span class='ocrx_word' id='word_1_161' title='bbox 85 3059 408 3137; x_wconf 75' lang='lat' dir='ltr'>‘moniaeiicientz</span> <span class='ocrx_word' id='word_1_162' title='bbox 437 3060 564 3155; x_wconf 83' lang='lat' dir='ltr'>linguis</span> <span class='ocrx_word' id='word_1_163' title='bbox 589 3064 779 3158; x_wconf 87' lang='lat' dir='ltr'>loquentur</span> <span class='ocrx_word' id='word_1_164' title='bbox 800 3059 918 3132; x_wconf 87' lang='lat' dir='ltr'>novis:</span> <span class='ocrx_word' id='word_1_165' title='bbox 947 3061 1127 3155; x_wconf 77' lang='lat' dir='ltr'>serpentes</span> 
     </span>
     <span class='ocr_line' id='line_1_25' title="bbox 100 3175 1126 3275; baseline -0.005 -25"><span class='ocrx_word' id='word_1_166' title='bbox 100 3180 253 3250; x_wconf 87' lang='lat' dir='ltr'>tollent:</span> <span class='ocrx_word' id='word_1_167' title='bbox 294 3175 380 3250; x_wconf 90' lang='lat' dir='ltr'>etsi</span> <span class='ocrx_word' id='word_1_168' title='bbox 407 3178 624 3264; x_wconf 82' lang='lat' dir='ltr'>mortiferum</span> <span class='ocrx_word' id='word_1_169' title='bbox 650 3178 736 3275; x_wconf 90' lang='lat' dir='ltr'>quid</span> <span class='ocrx_word' id='word_1_170' title='bbox 761 3177 934 3263; x_wconf 85' lang='lat' dir='ltr'>biberint,</span> <span class='ocrx_word' id='word_1_171' title='bbox 976 3202 1051 3248; x_wconf 90' lang='lat' dir='ltr'>nou</span> <span class='ocrx_word' id='word_1_172' title='bbox 1077 3176 1126 3246; x_wconf 87' lang='lat' dir='ltr'>eis</span> 
     </span>
     <span class='ocr_line' id='line_1_26' title="bbox 99 3291 1126 3391; baseline -0.002 -25"><span class='ocrx_word' id='word_1_173' title='bbox 99 3294 270 3366; x_wconf 84' lang='lat' dir='ltr'>nocebit:</span> <span class='ocrx_word' id='word_1_174' title='bbox 310 3296 415 3391; x_wconf 89' lang='lat' dir='ltr'>super</span> <span class='ocrx_word' id='word_1_175' title='bbox 443 3319 556 3390; x_wconf 80' lang='lat' dir='ltr'>aegros</span> <span class='ocrx_word' id='word_1_176' title='bbox 582 3321 707 3366; x_wconf 81' lang='lat' dir='ltr'>manns</span> <span class='ocrx_word' id='word_1_177' title='bbox 730 3293 940 3390; x_wconf 89' lang='lat' dir='ltr'>imponent,</span> <span class='ocrx_word' id='word_1_178' title='bbox 969 3313 1003 3366; x_wconf 93' lang='lat' dir='ltr'>et</span> <span class='ocrx_word' id='word_1_179' title='bbox 1032 3291 1126 3364; x_wconf 77' lang='lat' dir='ltr'>bene</span> 
     </span>
     <span class='ocr_line' id='line_1_27' title="bbox 100 3392 1126 3495; baseline 0 -12"><span class='ocrx_word' id='word_1_180' title='bbox 100 3412 328 3489; x_wconf 75' lang='lat' dir='ltr'>habebunt‚“</span> <span class='ocrx_word' id='word_1_181' title='bbox 371 3392 552 3490; x_wconf 86' lang='lat' dir='ltr'>Ubi-illud</span> <span class='ocrx_word' id='word_1_182' title='bbox 572 3411 674 3484; x_wconf 88' lang='lat' dir='ltr'>etiam</span> <span class='ocrx_word' id='word_1_183' title='bbox 696 3411 981 3495; x_wconf 89' lang='lat' dir='ltr'>observandum,</span> <span class='ocrx_word' id='word_1_184' title='bbox 1006 3408 1126 3483; x_wconf 86' lang='lat' dir='ltr'>dioere</span> 
     </span>
     <span class='ocr_line' id='line_1_28' title="bbox 101 3524 1129 3631; baseline -0.003 -32"><span class='ocrx_word' id='word_1_185' title='bbox 101 3527 309 3614; x_wconf 85' lang='lat' dir='ltr'>Christum,</span> <span class='ocrx_word' id='word_1_186' title='bbox 347 3528 444 3624; x_wconf 82' lang='lat' dir='ltr'>figna</span> <span class='ocrx_word' id='word_1_187' title='bbox 469 3530 544 3601; x_wconf 82' lang='lat' dir='ltr'>lraec</span> <span class='ocrx_word' id='word_1_188' title='bbox 576 3554 637 3600; x_wconf 91' lang='lat' dir='ltr'>eos</span> <span class='ocrx_word' id='word_1_189' title='bbox 655 3530 844 3612; x_wconf 82' lang='lat' dir='ltr'>secutura,</span> <span class='ocrx_word' id='word_1_190' title='bbox 879 3525 942 3631; x_wconf 87' lang='lat' dir='ltr'>qui</span> <span class='ocrx_word' id='word_1_191' title='bbox 972 3524 1129 3601; x_wconf 67' lang='lat' dir='ltr'>credide,</span> 
     </span>
     <span class='ocr_line' id='line_1_29' title="bbox 100 3624 1131 3741; baseline 0.004 -25"><span class='ocrx_word' id='word_1_192' title='bbox 100 3647 192 3736; x_wconf 81' lang='lat' dir='ltr'>rint,</span> <span class='ocrx_word' id='word_1_193' title='bbox 213 3672 288 3719; x_wconf 88' lang='lat' dir='ltr'>non</span> <span class='ocrx_word' id='word_1_194' title='bbox 307 3649 492 3741; x_wconf 83' lang='lat' dir='ltr'>apostolos</span> <span class='ocrx_word' id='word_1_195' title='bbox 516 3664 676 3733; x_wconf 80' lang='lat' dir='ltr'>tantum,</span> <span class='ocrx_word' id='word_1_196' title='bbox 703 3671 767 3739; x_wconf 91' lang='lat' dir='ltr'>per</span> <span class='ocrx_word' id='word_1_197' title='bbox 789 3624 943 3737; x_wconf 80' lang='lat' dir='ltr'>quorum</span> <span class='ocrx_word' id='word_1_198' title='bbox 962 3645 1131 3721; x_wconf 85' lang='lat' dir='ltr'>credituri</span> 
     </span>
     <span class='ocr_line' id='line_1_30' title="bbox 101 3761 1128 3858; baseline -0.001 -23"><span class='ocrx_word' id='word_1_199' title='bbox 101 3781 205 3835; x_wconf 80' lang='lat' dir='ltr'>erant</span> <span class='ocrx_word' id='word_1_200' title='bbox 225 3761 282 3832; x_wconf 85' lang='lat' dir='ltr'>alii</span> <span class='ocrx_word' id='word_1_201' title='bbox 305 3762 615 3858; x_wconf 69' lang='lat' dir='ltr'>praedicationem,</span> <span class='ocrx_word' id='word_1_202' title='bbox 643 3761 771 3858; x_wconf 90' lang='lat' dir='ltr'>quibus</span> <span class='ocrx_word' id='word_1_203' title='bbox 794 3761 862 3832; x_wconf 87' lang='lat' dir='ltr'>iam</span> <span class='ocrx_word' id='word_1_204' title='bbox 884 3761 1001 3836; x_wconf 84' lang='lat' dir='ltr'>adhuc</span> <span class='ocrx_word' id='word_1_205' title='bbox 1024 3762 1128 3837; x_wconf 85' lang='lat' dir='ltr'>vivus</span> 
     </span>
     <span class='ocr_line' id='line_1_31' title="bbox 99 3877 1128 3977; baseline -0.002 -25"><span class='ocrx_word' id='word_1_206' title='bbox 99 3880 195 3952; x_wconf 82' lang='lat' dir='ltr'>hanc</span> <span class='ocrx_word' id='word_1_207' title='bbox 233 3897 446 3976; x_wconf 82' lang='lat' dir='ltr'>potestatem</span> <span class='ocrx_word' id='word_1_208' title='bbox 482 3879 651 3966; x_wconf 81' lang='lat' dir='ltr'>dederat,</span> <span class='ocrx_word' id='word_1_209' title='bbox 686 3877 785 3977; x_wconf 81' lang='lat' dir='ltr'>quasi</span> <span class='ocrx_word' id='word_1_210' title='bbox 816 3878 929 3952; x_wconf 90' lang='lat' dir='ltr'>delusi</span> <span class='ocrx_word' id='word_1_211' title='bbox 956 3879 1128 3966; x_wconf 80' lang='lat' dir='ltr'>fuissent,</span> 
     </span>
    </p>
   </div>
   <div class='ocr_carea' id='block_1_3' title="bbox 140 4028 899 4122">
    <p class='ocr_par' dir='ltr' id='par_1_3' title="bbox 140 4028 899 4122">
     <span class='ocr_line' id='line_1_32' title="bbox 140 4028 899 4122; baseline -0.013 -30"><span class='ocrx_word' id='word_1_212' title='bbox 140 4029 172 4107; x_wconf 80' lang='lat' dir='ltr'>o)</span> <span class='ocrx_word' id='word_1_213' title='bbox 195 4029 295 4088; x_wconf 82' lang='lat' dir='ltr'>Matth.</span> <span class='ocrx_word' id='word_1_214' title='bbox 321 4029 417 4094; x_wconf 83' lang='lat' dir='ltr'>XVll.</span> <span class='ocrx_word' id='word_1_215' title='bbox 444 4046 486 4122; x_wconf 63' lang='lat' dir='ltr'>ro.</span> <span class='ocrx_word' id='word_1_216' title='bbox 577 4028 617 4105; x_wconf 72' lang='lat' dir='ltr'>l)</span> <span class='ocrx_word' id='word_1_217' title='bbox 640 4031 727 4100; x_wconf 73' lang='lat' dir='ltr'>lllcrrc.</span> <span class='ocrx_word' id='word_1_218' title='bbox 752 4029 831 4099; x_wconf 79' lang='lat' dir='ltr'><em>XVI.</em></span> <span class='ocrx_word' id='word_1_219' title='bbox 858 4046 899 4104; x_wconf 76' lang='lat'>¹7·</span> 
     </span>
    </p>
   </div>
   <div class='ocr_carea' id='block_1_4' title="bbox 0 0 1234 4560">
    <p class='ocr_par' dir='ltr' id='par_1_4' title="bbox 0 0 1234 4560">
     <span class='ocr_line' id='line_1_33' title="bbox 0 0 1234 4560; baseline 0 0"><span class='ocrx_word' id='word_1_220' title='bbox 0 0 1234 4560; x_wconf 95' lang='lat' dir='ltr'> </span> 
     </span>
    </p>
   </div>
  </div>
 </body>
</html>
