2460 4560
417 310 648 382 —-÷-'¹-—-''''--
869 297 966 407 ⁴331

93 465 286 552 confirmat
307 464 441 552 fidem,
468 486 509 538 ut
535 466 635 549 fimul
662 492 708 539 cx
734 485 824 574 typo
848 468 883 538 in
913 493 974 566 pa·
1004 464 1120 537 Curva

92 584 248 661 triarcha
261 583 369 655 Jacob
384 582 515 655 Christi
530 583 650 658 divina
667 611 797 680 opera,
815 605 971 681 potestas
1014 589 1109 647 xxll.

94 720 133 773 et
158 700 344 796 imperium
375 726 450 772 non
481 701 616 786 solum,
648 700 709 773 fed
740 702 842 779 etiam
874 701 971 778 orbis
991 710 1132 778 W*

91 817 242 891 felicitas
272 816 309 887 in
336 814 409 889 eius
437 816 594 888 adventu
623 816 904 905 demonstretur,
931 839 972 900 ut

92 960 177 1011 cum
203 933 314 1011 lac-ub
346 935 542 1012 exclamare
569 933 693 1003 liceat:
738 944 810 1006 Vere
839 963 900 1012 nan
925 956 991 1007 era

92 1058 146 1120 laic
165 1059 256 1128 aliud
270 1061 328 1123 uisi
345 1059 451 1131 domus
467 1057 545 1128 Dei.-
567 1071 597 1119 et
608 1071 707 1139 porta
725 1061 789 1121 coeli
810 1050 859 1141 a).
887 1050 974 1139 „Vi-

92 1164 177 1234 den'
203 1165 410 1260 quomodo,
438 1165 483 1248 de
506 1163 727 1245 Nathanaelc
749 1171 922 1238 exclamat
938 1167 972 1247 S.

93 1278 151 1366 lu,
172 1279 450 1377 Chrysostomus
468 1281 503 1360 in
522 1282 555 1362 h.
575 1285 597 1353 l.
615 1279 652 1370 b)
675 1282 773 1366 illum
792 1283 973 1380 paullatim

96 1397 145 1469 de
160 1416 250 1477 terra
265 1397 391 1492 erigat,
412 1417 447 1468 et
460 1422 504 1469 eo
522 1397 693 1484 deducat,
714 1425 759 1483 ne
772 1400 890 1496 ipsum
902 1420 978 1472 tan..

93 1538 205 1609 quam
248 1513 436 1610 simplicem
480 1514 661 1599 hominem
707 1514 907 1613 effingat?
938 1517 972 1589 ls

95 1629 192 1706 enirn
220 1629 275 1712 cui
301 1629 415 1724 angeli
441 1630 619 1717 serviunt,
655 1635 759 1726 super
786 1658 891 1726 quern
916 1660 975 1713 an-

94 1746 168 1843 geli
201 1747 462 1847 ascendunt'et
488 1745 730 1832 descendunt,
765 1772 838 1842 quo
869 1767 975 1842 pacto

95 1865 211 1935 homo
234 1863 365 1940 luerit?
397 1860 484 1932 Ideo
507 1861 598 1942 dixit
622 1874 743 1938 maiora
766 1873 815 1949 itis
840 1873 976 1951 uidebis,

95 1979 201 2075 quod
221 1979 417 2075 explicans,
445 1979 653 2072 angelorum
679 1976 909 2056 minister-ium
928 2000 976 2052 at,

94 2094 199 2183 tulit,
220 2082 260 2174 ac
283 2095 322 2174 si,
335 2095 484 2180 diceret:¹
509 2095 692 2189 Magnum
714 2095 776 2167 tibi
792 2096 862 2168 hoc
878 2097 977 2170 vide.

96 2233 156 2287 tur
183 2215 206 2285 ὀ
235 2211 462 2284 Nathanael!
501 2211 657 2316 ideoque
686 2237 744 2285 me
771 2232 810 2289 ut
839 2213 977 2289 Israelis
1024 2279 1029 2291 .

98 2356 224 2426 regem
244 2330 426 2402 confessus
445 2356 501 2401 es:
530 2330 616 2425 quid
640 2355 726 2425 ergo
748 2328 863 2426 dices,
882 2330 910 2403 si
926 2332 980 2405 vit

100 2447 197 2519 deris
217 2449 362 2540 angelos
382 2448 486 2541 super
503 2472 559 2518 me
578 2448 825 2534 ascendentes,
848 2468 882 2519 et
902 2448 997 2527 dea.
1023 2479 1025 2485 ·

103 2563 363 2648 cendentes?“
413 2562 529 2647 Affert
560 2561 689 2642 deindo
712 2563 808 2659 varia
839 2567 981 2658 angelos
1060 2615 1063 2620 .

99 2669 184 2754 rum
204 2678 394 2757 ministeria
416 2678 507 2752 cir-ca
531 2677 712 2770 Christum
735 2679 772 2750 in
793 2679 979 2776 passione,

101 2795 385 2882 resurrectione,
415 2795 644 2881 ascensione,
674 2795 751 2892 ipsa
778 2795 979 2884 nativitate,

101 2935 141 2988 ct
162 2913 233 2998 iarn
257 2913 353 3012 prius
381 2911 735 3006 injannuntiationc,
762 2911 897 3006 eritque
921 2912 980 2984 ali«

101 3031 253 3128 quando
286 3030 446 3114 omnium
474 3010 741 3114 illustrissimum
773 3031 981 3123 angelorum

102 3151 209 3245 {uper
235 3145 347 3232 filium
372 3145 527 3229 hominis
554 3142 804 3241 ministeriuml
835 3141 981 3241 quando

102 3264 144 3339 in
170 3262 351 3350 maiestate
375 3263 437 3349 sua
461 3260 508 3345 ad
534 3259 703 3349 iudicium
735 3261 873 3348 venerit
901 3287 982 3348 cum
1045 3256 1048 3260 i

102 3380 243 3479 angelis
266 3378 345 3456 suis.

179 3616 381 3713 Insignem,
398 3615 519 3690 utiam
535 3600 675 3705 notavi,
692 3613 768 3687 hacc
783 3600 991 3708 inteipreta

103 3734 161 3810 tio
184 3737 301 3807 lucem
318 3732 445 3831 accipit
463 3760 508 3807 ex
529 3735 641 3830 Epist.
664 3732 708 3804 ad
728 3730 839 3801 Hebr.
860 3755 935 3825 cap,
956 3730 985 3811 1,

102 3851 173 3927 ubi
199 3854 383 3946 apostolus
411 3878 457 3937 ex
483 3848 675 3923 ministerio
703 3849 911 3943 angelorum
938 3845 994 3928 di··

147 3999 448 4107 acarticuli.
475 4016 517 4072 η.
612 4001 642 4076 a)
667 3998 698 4059 a
725 3997 808 4068 νιιι.
829 4011 856 4069 n
885 3979 943 4063 'aa
