2460 4560
38 523 40 526 ⁴
101 489 276 578 exercitus
294 496 500 589 angelorum
512 489 701 563 salvatoris
721 489 807 564 editi
825 490 1056 568 annuntiator
1068 518 1120 590 ap·

50 666 53 688 .
102 610 236 708 paruit,
256 631 291 685 et
309 611 446 706 Magos
466 594 513 680 ad
533 632 614 682 eum
632 607 854 684 adorandum
875 609 1011 705 praevia
1026 609 1123 683 stelle

103 727 289 826 perduxit:
312 742 350 799 ut
367 752 388 798 a
405 724 485 798 solis
502 744 582 795 ortu
601 749 712 817 usque
732 725 775 795 ad
795 732 959 800 occasum
980 707 1058 809 veri
1073 752 1122 798 re·

103 844 158 941 gis
180 842 381 941 generatio,
406 861 441 927 et
460 854 568 936 regna
589 837 745 912 Orientis
768 866 832 937 per
857 842 996 936 Magos
1018 842 1126 915 disce·

103 979 201 1049 rent,
220 979 259 1033 et
274 959 482 1034 Romanum
498 957 683 1053 imperium
706 979 781 1033 non
799 962 932 1031 lateret.
974 959 1072 1033 Nam
1088 954 1124 1035 ,et

102 1056 419 1164 saevitia'Herodis‚
435 1079 561 1151 volens
575 1073 770 1169 primordia
783 1074 935 1171 suspecti
951 1075 1016 1153 sibi
1033 1077 1122 1171 regis

103 1194 328 1290 extinguere,
343 1193 426 1267 huic
440 1191 698 1287 dispensationi
709 1192 869 1268 nesciens
880 1192 1074 1265 serviebat:
1088 1213 1126 1266 ut

103 1313 189 1383 ilum
213 1309 322 1384 atroci
342 1310 497 1386 intentus
515 1307 684 1395 facinori,
706 1307 868 1404 ignotum
892 1308 955 1382 fibi
976 1335 1125 1414 puerum

102 1427 292 1501 indiscreta
309 1426 492 1506 infantium
511 1413 608 1497 caede
621 1426 862 1521 persequitur,
880 1426 1125 1504 annuntiatum

103 1544 253 1621 coelitus·
270 1543 501 1618 dominatoris
530 1561 647 1617 ortum
672 1541 847 1636 insignior
874 1541 1008 1638 ubique
1034 1545 1125 1622 fama

101 1657 330 1760 loqueretur3
355 1687 459 1757 quam
478 1658 709 1756 promtiorem
726 1659 772 1730 ad
789 1661 1025 1746 narrandum,
1054 1659 1126 1733 dili·

101 1776 551 1876 gentioremquefaciebat,
566 1796 601 1849 et
613 1777 773 1872 supernae
788 1774 1052 1876 hgnificationis
1066 1803 1126 1850 no·

102 1897 213 1983 vitas,
232 1915 267 1969 et
282 1890 513 1970 cruentissimi
530 1892 765 1990 persecutoris
782 1892 979 1989 impietasf‘
1005 1893 1128 1969 Revo-

100 2032 162 2085 cat
177 2010 280 2084 etiam
298 2010 369 2085 huc
387 2011 558 2105 deinceps
573 2011 605 2083 S.
620 2010 783 2105 pontifex
799 2012 920 2106 fugam
938 2008 1074 2084 Christi
1091 2011 1127 2083 in

102 2129 314 2224 AEgyptum,
335 2126 397 2209 ubi
417 2127 462 2200 ad
482 2125 555 2198 eius
577 2126 799 2221 praesentitm
819 2127 993 2201 corruisse
1011 2127 1127 2217 idola,

101 2244 182 2342 quis
200 2269 274 2317 non
291 2243 392 2318 facile
410 2242 473 2317 fibi
492 2240 529 2316 iu
547 2241 702 2316 animum
715 2242 865 2334 inducat
876 2243 1129 2340 ‘l'Congruam

103 2359 253 2442 omnino
286 2354 415 2432 divinae
440 2342 629 2454 Evangelii
659 2358 793 2434 Christi
819 2359 932 2432 Verbi
956 2360 1129 2438 incarnati

103 2476 313 2556 mconomiae
331 2502 415 2549 rem.
439 2474 547 2550 ¹Certe
566 2476 639 2549 sius
659 2477 815 2557 adventu
831 2476 1033 2555 idololatria
1052 2505 1130 2553 eva·

101 2595 198 2682 nuit,
227 2594 328 2690 quod
352 2593 384 2667 S.
408 2592 626 2669 Athanasius
651 2592 689 2669 in
715 2593 789 2669 lib..
806 2592 1136 2672 derlncarnationev

96 2707 214 2793 Verbi
228 2710 302 2784 Dei
315 2735 381 2786 ceu
396 2729 504 2809 caput
520 2711 680 2801 omnium
699 2736 739 2783 ac
758 2710 911 2786 maxime
925 2710 1128 2790 mirandum

61 2823 62 2826 ¹
100 2828 258 2915 extollit,
280 2827 384 2916 „ubi,
405 2849 445 2902 ut
461 2848 586 2926 postea
599 2827 870 2915 animadvertit,
887 2826 960 2899 Dei
974 2829 1128 2906 verbum

99 2970 182 3020 cum
201 2971 373 3042 corpore,
391 2945 572 3042 apparuit,
591 2964 626 3017 et
641 2947 749 3020 suum
760 2943 900 3017 Patrem
917 2963 1045 3018 notum
1065 2973 1127 3020 no·

98 3062 155 3136 bis
168 3062 269 3150 fecit,
283 3081 369 3138 tunc
382 3056 585 3148 daemonum
600 3060 745 3155 quidem
757 3061 900 3135 fallaciae
916 3087 1126 3139 evanescere

41 3219 43 3224 ·
85 3200 137 3253 ,ει
153 3181 532 3273 desinere'coep'erunt,
553 3177 717 3251 homines
734 3195 851 3252 autem
871 3205 997 3258 verum
1011 3178 1128 3253 Patris

98 3293 1128 3391 DeumVerbumiti'tuentes,idolarelinquunt,·aoverum

99 3412 223 3488 Deum
237 3423 446 3506 agnoscunt.
475 3410 519 3485 Id
535 3433 652 3509 porro.
665 3431 762 3490 certo
778 3411 913 3491 indicio
932 3432 1001 3503 est,
1022 3413 1126 3487 Chri·

31 3628 34 3635 Χ
87 3548 192 3611 (εωω
214 3527 338 3602 Deum
358 3527 521 3611 Verbum
536 3549 579 3603 et
601 3529 676 3613 Dei
702 3529 872 3635 virtutem*
893 3557 980 3607 esse.
1027 3531 1126 3613 ,Cum

101 3645 194 3730 enim
206 3666 366 3734 cessent,
387 3671 467 3743 quc
480 3648 634 3734 humana
646 3649 745 3735 sunt,
761 3666 805 3724 aet
822 3647 954 3728 Christi
972 3648 1127 3726 verbum

100 3781 302 3839 constanter
321 3785 541 3859 persevetet,
564 3791 671 3838 nemo
689 3790 765 3838 non
786 3764 903 3853 videt,
926 3793 966 3843 ea
988 3793 1068 3862 quac
1087 3768 1127 3841 fi·

97 3905 184 3956 nem
203 3879 339 3968 habent
357 3885 566 3978 temporalia⁴
586 3909 679 3969 esse;
704 3906 785 3956 eum
808 3871 944 3970 autem,
959 3883 1026 3979 qui
1045 3912 1126 3982 per·
1146 3943 1149 3947 «

76 4017 78 4021 ·
96 4014 209 4111 petuo
226 4007 428 4102 permanet,
447 3997 571 4072 Deum
588 3998 734 4098 Dsique
752 3993 864 4076 lilium
883 4027 1029 4092 verum,
1048 4003 1125 4078 uni-

95 4113 255 4228 genitum
276 4113 438 4197 Verbum
462 4134 547 4191 esse.
748 4216 775 4249 α
