2460 4560
577 384 808 403 m

257 351 329 438 236

114 486 230 557 error
259 526 304 573 ex
329 497 495 594 eoquod
519 500 637 594 legere
664 519 717 572 est
738 497 914 574 Machab.
944 499 1049 577 XIV.
1071 525 1118 591 41·

130 607 207 668 Vffl·
257 621 355 700 Judei
388 638 418 688 et
440 624 617 704 sacerdotes
647 644 751 688 eorrem
784 641 1030 706 consenserunt,
1067 620 1122 691 eiua

98 721 239 790 ⁸(ss*
258 728 492 827 (Simonem)
519 761 581 805 esse
602 741 717 804 Ducem
726 717 824 821 susim
849 732 881 805 et
895 742 1059 820 summum
1080 745 1123 806 Sa·

258 861 407 927 cerdotem
425 862 458 922 in
478 871 619 926 eternum
640 848 685 934 ἐις
704 877 755 925 τον
773 845 897 928 dedra,
921 862 1016 925 donee
1024 861 1125 942 surgat

250 977 406 1059 propheta
432 975 544 1054 fidelis.
608 965 827 1040 Defecerant
851 988 944 1045 turso
975 969 1045 1042 iam
1074 967 1124 1040 diu

257 1085 464 1182 prophetae,
491 1083 654 1156 ucetiam
678 1083 848 1181 deinceps
876 1112 992 1183 usque
1016 1087 1059 1158 ad
1080 1086 1125 1157 l‘o·

257 1227 386 1274 aunem
417 1200 618 1296 Baptistam.
688 1199 788 1272 Dum
825 1226 908 1274 ecce
946 1229 992 1275 eo
1023 1187 1124 1276 adhuc
1163 1236 1165 1325 p

256 1318 293 1389 in
315 1339 416 1390 utero
444 1321 573 1390 latente
597 1317 703 1390 Filius
728 1344 773 1390 ex
794 1318 918 1412 Maria
943 1321 1123 1393 nasciturus
1163 1328 1165 1414 ξ

255 1436 286 1508 is
306 1437 442 1507 futurus
462 1434 712 1521 denunciatur,
739 1461 844 1530 quern
868 1455 1027 1510 ostentat
1041 1461 1125 1533 pne·

256 1554 383 1636 missus
403 1572 518 1631 textus
538 1551 655 1623 Lucae.
700 1551 781 1623 Hoc
802 1572 871 1638 est,
898 1555 1003 1649 quod
1026 1553 1065 1625 B.
1085 1551 1122 1622 V.

257 1670 381 1742 Maria
403 1669 440 1739 iu
466 1669 530 1740 suo
557 1668 694 1741 cantico
720 1667 934 1764 depraedicat
957 1671 1018 1760 a):
1055 1680 1123 1762 Quia

258 1799 392 1878 respexit
416 1795 622 1864 humilitatem
647 1794 759 1856 ancille
773 1793 861 1873 fiee:
905 1815 973 1859 eece
999 1800 1074 1859 enim
1093 1812 1124 1857 ex
1162 1844 1164 1849 ⁴

258 1917 315 1975 leae
334 1915 455 1975 beatam
477 1931 523 1973 me
544 1913 645 1973 dicent
670 1930 770 1972 omnes
786 1916 1011 1986 generationes.
1061 1903 1125 1974 To·

259 2042 333 2092 tum
357 2020 390 2090 in
412 2044 454 2089 eo
475 2040 528 2090 est
544 2019 719 2090 canticum
737 2018 844 2104 illud,
872 2037 913 2091 ut
936 2021 1032 2112 hanc
1054 2018 1126 2090 divi·
1162 2072 1164 2119 :

200 2228 205 2246 Ι
258 2136 339 2215 naim
368 2134 641 2206 misericordiam
670 2137 815 2206 extollat
840 2155 876 2208 et
899 2149 1076 2226 potentiam
1098 2147 1124 2205 in
1162 2124 1164 2208 i

257 2263 400 2336 bruelio,
427 2281 490 2336 reo,
531 2276 621 2347 qua,
656 2252 824 2349 depositis
852 2254 1063 2348 potentibus
1088 2252 1124 2322 de

242 2366 358 2455 fede,
388 2368 527 2440 exaltati
554 2372 634 2440 sunt
659 2370 808 2441 humiles
830 2396 874 2440 ex
898 2370 1011 2442 domo
1037 2369 1101 2442 eti
1115 2410 1124 2424 ·

259 2487 352 2558 milia
390 2484 535 2572 David,
573 2507 612 2558 ut
645 2513 689 2558 ex
722 2514 762 2559 ea
799 2485 995 2582 susciperet
1031 2487 1124 2558 lsrael

257 2630 406 2700 puerum
442 2606 571 2690 suurn,
607 2610 690 2689 ficut
724 2615 842 2685 locutus
876 2627 922 2675 est
960 2580 1015 2682 adl
1027 2625 1125 2696 parret

258 2745 376 2800 nostros
398 2731 556 2797 Aureliam
575 2717 605 2798 et
613 2728 814 2819 seminieius
834 2729 1002 2807 iaseunla.
1053 2720 1125 2792 Fac·

257 2857 309 2909 tas
344 2839 405 2909 has
438 2836 593 2932 patribus
630 2837 880 2931 promissiones
915 2835 966 2917 D,
1004 2836 1123 2909 Paulus
1161 2846 1163 2924 j

258 2953 338 3025 Gal.
358 2953 420 3024 111.
450 2956 503 3024 1¹6.
527 2953 736 3049 respiciens,
772 2964 838 3024 Non
863 2964 960 3027 dicie:
989 2962 1124 3042 Esseni·
1160 2934 1163 3011 ἷ

258 3081 363 3168 nibeis,
388 3069 452 3154 ait,
480 3083 571 3160 quasi
593 3083 625 3140 in
653 3081 777 3143 multis:
793 3078 855 3157 fid
878 3083 971 3161 quasi
987 3084 1029 3142 in
1055 3098 1124 3140 uno:

256 3197 299 3266 Ee
311 3195 425 3275 semini
447 3207 518 3271 tuo,
547 3198 839 3278 praestolantes,
867 3185 969 3259 iuxta
994 3211 1126 3264 oecono·
1160 3202 1162 3229 ²

170 3389 173 3395 ἱ
259 3305 363 3376 mium
382 3303 567 3400 Evangelii
584 3303 717 3375 Christi
734 3304 845 3376 Verbi
860 3304 1044 3376 incarnati.
1080 3289 1125 3375 Sic
1160 3234 1162 3379 i

258 3425 361 3497 etiam
377 3421 561 3501 Zacharias
582 3421 756 3493 canticum
774 3411 873 3494 suum
893 3420 1064 3500 informat
1078 3415 1124 3508 lt):
1160 3414 1162 3513 ξ

258 3550 438 3619 Benedictus
464 3547 613 3613 Dominus
636 3547 719 3609 Deus
739 3549 853 3624 lsrael,
877 3551 955 3629 quia
973 3540 1162 3640 uisitauit,-

256 3677 286 3724 et
298 3666 382 3740 fecit
402 3665 614 3739 redemtionem
627 3664 727 3744 plebis
736 3654 812 3743 sae.
864 3664 907 3726 Et
924 3668 1027 3727 erexit
1045 3679 1130 3727 corna
1160 3724 1162 3745 Ι

156 3767 159 3773 ’
245 3778 364 3856 salutis
390 3782 474 3842 nobis
499 3785 532 3846 in
561 3783 649 3853 domo
679 3780 790 3845 Dauid
807 3783 899 3862 pueri
916 3758 987 3860 sui.
1053 3782 1130 3848 Sicut

253 3896 372 3954 lustuns
394 3910 439 3957 est
453 3916 512 3977 per
534 3897 776 3976 ossanctorum,
804 3900 859 3980 qui
882 3916 903 3960 a
913 3897 1129 3980 seculo-saal,

294 4037 324 4108 a)
346 4035 406 4094 lac.
431 4035 456 4090 l.
478 4047 524 4106 48.
594 4032 643 4112 a)
668 4039 707 4098 lt.
731 4041 775 4102 68.
798 4045 844 4098 ete.
