2460 4560
579 326 814 396 ''J-2¹3⁸...

261 350 338 431 284

113 485 230 571 Garat
244 501 246 505 ’
262 516 303 563 ac
326 510 545 587 quaecunque
566 485 640 559 alia
656 487 783 563 adhuc·
797 487 1053 585 multomagis
1077 488 1129 562 stu

128 608 208 672 le.
260 608 379 706 penda
408 609 494 683 sunt,
516 606 611 678 dicta
641 605 809 678 miracula
837 606 885 677 de
920 605 1068 682 Christo
1093 607 1132 677 in·

9 720 14 727 ’
97 730 240 812 W*
258 727 375 811 fante,
401 723 573 797 excidunt
595 722 764 796 memoria
792 748 940 811 eorum,
970 711 1134 821 natusque

260 843 419 916 Salvator
455 840 493 911 in
528 840 683 913 obscuro
719 860 840 912 manet
875 860 912 913 et
948 842 1135 916 oblivione.

257 957 379 1045 „Non
393 959 527 1044 solum,
550 959 631 1030 sunt
646 957 757 1031 verba
770 957 804 1029 S.
818 957 1009 1060 Ambrosii
1022 956 1080 1049 a),
1097 959 1138 1058 ab

256 1060 394 1170 'angelis
424 1096 459 1150 et
483 1073 695 1170 prophetis,
730 1101 751 1146 a
776 1075 986 1171 pastoribus
1024 1096 1060 1149 et
1087 1102 1156 1175 pa·-

255 1193 440 1278 rentibus,
467 1192 527 1263 sed
547 1191 650 1264 etiam
669 1217 688 1262 a
705 1190 904 1264 senioribus
923 1212 962 1264 et
973 1192 1073 1266 iustis
1088 1218 1149 1288 ge·-

259 1309 396 1381 ueratio
414 1306 567 1382 Domini
583 1307 713 1404 accipit
730 1307 990 1381 testimonium.
1019 1309 1137 1382 Omnis

262 1445 344 1497 aetas
362 1482 385 1522 ,Α
418 1445 454 1499 et
479 1402 643 1520 ‘uterque
684 1426 812 1511 sexus,
857 1445 1138 1522 eventorumque

259 1542 427 1621 miracula
450 1541 559 1623 fidem
583 1542 779 1615 adstruunt.
834 1541 957 1638 ¹Virgo
983 1563 1138 1640 generat,

260 1657 385 1743 sterilis
421 1658 540 1755 parit,
580 1677 698 1736 mutus
733 1658 921 1754 loquitur,
963 1661 1139 1737 Elisabeth

261 1776 481 1872 prophetat,
517 1775 654 1871 Magus
687 1775 833 1861 adorat,
867 1795 976 1854 utero
1011 1781 1141 1850 clausus

262 1895 415 1980 exultat,
432 1891 541 1964 vidua
560 1891 767 1977 confitetur,
784 1889 900 1968 iustus
920 1895 1139 1991 exspectat“

323 2128 464 2222 ¹Maria
501 2147 695 2200 conservat·
727 2127 847 2201 omnia
885 2131 1078 2212 conferens
1111 2127 1143 2199 in

146 2244 149 2251 ’
266 2245 374 2324 corde
395 2247 477 2317 suo:
511 2244 615 2316 Pater
644 2265 679 2317 et
699 2245 823 2317 Mater
849 2244 888 2315 in
912 2247 1144 2325 admiratione

253 2361 366 2446 ¹frunt,
392 2362 495 2457 [uper
524 2361 600 2446 his,
629 2387 707 2457 quae
739 2360 953 2437 dicebantur
987 2365 1035 2440 de
1065 2364 1143 2449 illo,

264 2497 300 2553 et
321 2478 462 2554 fiebant
504 2475 670 2552 Audiunt
692 2480 856 2572 angelos,
878 2478 1014 2557 vident
1034 2479 1146 2578 pasto'

210 2658 219 2667 .,
261 2620 338 2680 res,
365 2594 575 2690 Magosque
603 2596 811 2680 adorantes,
838 2595 1051 2692 percipiunt
1073 2624 1146 2694 pro

255 2712 387 2809 phetas
411 2710 612 2788 Simeonem
637 2710 672 2784 et
690 2693 857 2787 Annam:
895 2711 1094 2791 inveniunt
1114 2714 1146 2784 in

261 2832 400 2923 templo
425 2852 605 2922 puerum,
640 2827 725 2901 dum
750 2853 874 2906 omnes
898 2828 1049 2926 stupent
1071 2859 1148 2928 pru·

261 2945 437 3031 dentiam,
472 2963 507 3024 et
536 2968 709 3038 responsa
745 2944 841 3028 eius3
873 2939 949 3040 ¹ipsi
980 2949 1145 3045 religioso

261 3063 360 3157 apud
378 3073 415 3130 se
435 3058 572 3131 silentio
597 3058 718 3136 omnia
744 3079 883 3147 tenent,
915 3079 951 3133 et
975 3067 1148 3155 admirari·

213 3252 215 3257 ,
259 3194 346 3263 tur,
374 3198 493 3245 causas
525 3199 600 3245 non
631 3173 846 3264 discutiunt,
883 3177 978 3254 nihil
1006 3182 1147 3257 curiose

259 3291 485 3387 disquirunt,
514 3316 631 3363 rerum
655 3291 880 3370 altitudinem
908 3322 989 3380 non
1016 3318 1147 3381 temere

258 3409 498 3505 indagandam
520 3409 738 3506 suscipiunt,
763 3411 824 3482 sed
846 3415 1066 3508 mysterium
1100 3447 1147 3499 re·

259 3545 424 3616 verenter
442 3525 690 3615 considerant,
711 3529 872 3605 contenti
890 3535 1146 3625 magnitudine

259 3662 408 3731 eorum,
444 3669 523 3740 quac
549 3665 717 3740 operatur
748 3643 952 3735 Dominus,
992 3677 1077 3746 quae
1100 3653 1147 3729 vi·

260 3760 349 3829 dent
374 3780 409 3831 et
433 3761 604 3850 audiunt,
635 3762 672 3862 in
705 3761 941 3836 admiratione
974 3791 1144 3859 manent,

257 3875 455 3969 humilique
486 3877 686 3973 ignorantia
717 3899 754 3951 et
782 3880 920 3952 silentio
955 3884 1005 3958 de
1040 3891 1142 3962 rebus

299 4022 330 4099 a)
354 4023 445 4092 Expos
467 4025 496 4081 in
517 4028 579 4086 Luc.
603 4031 659 4090 Lib.
684 4030 724 4092 ll.
747 4050 772 4086 n.
799 4042 840 4100 58.
868 4031 948 4088 Z'I·
973 4049 1002 4108 p.
1033 4050 1113 4109 taor.
