2460 4560
311 306 386 389 286
463 302 465 306 '

160 452 276 525 Carus·
303 475 400 547 enim,
425 450 563 554 inquit,
573 463 709 545 fabrilia
731 480 826 547 opera
836 464 1004 547 jaciebat,
1028 476 1100 533 tum
1114 449 1196 545 aaa,

175 581 253 639 XVI·
301 587 435 649 homines
455 596 657 662 versarctur,
697 594 810 645 aratra
836 593 870 646 et
895 568 975 661 ing!
987 624 1002 670 ‚-
1036 587 1086 650 bis
1106 592 1179 654 rau

147 698 395 769 νψϋεεῑωη
415 705 537 764 austera
560 705 692 777 insignia
714 704 746 762 a
764 703 867 763 viram
888 682 1058 767 actuosam
1074 708 1179 773 aare

30 807 33 812 ’
244 872 247 883 .
301 806 448 886 iustitiae
478 807 632 905 insignia
664 799 772 894 sunt,
807 806 946 903 quibus
984 812 1095 917 nobis
1122 808 1179 911 per

301 927 424 1002 omnia
455 925 574 1000 fimilis
608 920 720 997 factus
756 942 810 996 est
838 926 980 1023 absque
1016 950 1180 1027 peccato,

298 1058 402 1116 auam
432 1043 605 1116 actuosam
622 1044 732 1115 docent
759 1042 941 1116 secundus
975 1042 1041 1121 hic
1068 1048 1181 1122 Adam

299 1159 418 1248 illam,
444 1161 620 1256 adquam
642 1149 797 1257 primus,-
821 1151 1007 1260 paradyso
1028 1170 1180 1266 volupta·

299 1277 346 1349 tis
365 1278 555 1377 expulsus,
575 1288 628 1349 est
643 1277 924 1379 caridemnatu's',¹
945 1279 1043 1353 utin
1058 1285 1177 1358 sudore

299 1399 422 1468 vultus
435 1394 488 1467 sui
504 1394 710 1467 comederet
728 1410 858 1490 panem
874 1395 1004 1483 suum‚·
1021 1399 1177 1491 victitans

298 1512 425 1584 labore
447 1532 617 1583 manuum
638 1501 812 1582 suarum2·
825 1531 934 1607 quam
955 1512 1124 1588 Christus
1137 1516 1178 1589 ad

301 1627 529 1723 trigesimum
541 1652 656 1723 usque
676 1618 758 1702 viae
774 1629 844 1700 suae
864 1644 1003 1701 annum
1027 1633 1178 1705 traduxit

300 1768 461 1842 paupere
484 1744 523 1818 in
546 1746 678 1833 domo,
705 1763 780 1820 non·
805 1736 966 1835 habens}
995 1759 1041 1820 ut
1064 1768 1180 1847 postea

302 1881 521 1937 contestatus
544 1882 616 1952 est,
642 1853 707 1936 ubi
732 1864 967 1960 caputiatum
989 1860 1181 1941 reclinaret.

374 2084 470 2189 Quis
490 2120 581 2170 vero
604 2113 681 2170 non
704 2084 832 2169 intimo
853 2084 965 2169 animi
992 2092 1121 2190 sens'u',
1143 2124 1181 2173 ac

301 2213 496 2286 tenerrimo
536 2214 657 2285 cordis
694 2215 825 2286 affectu
862 2213 929 2285 fibi
968 2208 1025 2289 ob
1062 2221 1181 2291 oculos

182 2373 185 2382 ·
300 2329 430 2402 mentis
474 2348 587 2426 ponat
623 2321 871 2403 absconditam
908 2332 1007 2405 hanc
1052 2331 1182 2408 Christi

302 2447 439 2533 vitam,
481 2471 523 2518 ac
555 2447 723 2519 familiam
755 2436 1027 2539 beatissimam,-
1067 2452 1181 2525 Jesum

282 2572 384 2637 'curn
404 2563 528 2636 Maria
547 2583 677 2653 matre,
706 2585 741 2638 et
762 2583 878 2662 patre‚-
905 2574 950 2640 ub
966 2560 1182 2664 putabatur,

300 2681 472 2778 Joseph?
500 2676 559 2752 Ἀ
589 2681 705 2780 prima
733 2682 880 2755 infantia
908 2700 1070 2780 puerum
1101 2711 1183 2759 cres·

301 2820 442 2870 centem
466 2818 502 2870 et
526 2800 789 2887 confortatum
824 2819 865 2871 ut
891 2818 1020 2898 posset
1044 2802 1183 2876 fabriles

264 2942 268 2947 ·
299 2932 426 3012 operas
446 2915 638 2988 fabricator
664 2916 760 2988 orbis
783 2934 946 3013 praestare
966 2935 1087 3014 atque
1110 2923 1183 3017 sup·

295 3034 409 3139 petias
444 3033 594 3104 nutritio
628 3034 673 3103 ad
704 3033 840 3108 victu'm
876 3057 999 3128 egenae
1035 3036 1184 3111 familia,

295 3149 389 3242 Quis
412 3173 487 3220 non
508 3148 629 3220 saltem
651 3126 898 3246 quadairtenus
920 3155 1071 3249 assequi
1093 3155 1184 3252 cogi·

293 3266 430 3339 tatione
465 3265 593 3362 gestiat
626 3262 850 3341 sanctissimae
888 3263 1000 3339 huius
1043 3270 1183 3345 familia

292 3384 531 3473 convictum,
570 3380 780 3482 colloquia,
821 3410 864 3457 ac
895 3401 1068 3461 mutuam
1106 3389 1182 3466 vita

291 3492 605 3578 conversationem
625 3520 634 3574 :¹
673 3503 733 3600 pia
757 3503 823 3576 filii
848 3502 887 3575 in
913 3522 1118 3600 parentes,-
1153 3524 1182 3578 et

292 3638 484 3716 parentum
507 3619 546 3691 in
570 3610 684 3692 filium
709 3621 845 3706 stt‘rdia‘,¹
871 3634 997 3691 curam
1026 3641 1065 3696 et
1093 3623 1183 3699 solli·

292 3737 510 3811 citudinem:
539 3737 657 3810 officia
679 3737 858 3810 charitatis
879 3735 917 3807 in
939 3740 1125 3817 concives
1145 3765 1180 3814 ac

288 3848 473 3949 religionis
510 3852 548 3926 in·
574 3850 699 3929 Deum
728 3870 760 3927 in
789 3864 928 3926 omnibus
956 3871 1128 3934 mandatis
1154 3878 1180 3932 ct

287 3972 558 4059 iustificationibus
570 3978 718 4067 Dumium
734 3972 924 4071 quomodo
941 3971 989 4046 de
1005 3974 1177 4054 Zacharia
