2460 4560
238 481 412 559 Videmus
436 485 492 556 hic
516 496 652 556 tantum
672 483 823 558 valuisse
849 471 957 556 fidem
983 482 1091 560 etiam
1112 487 1175 561 eth·

162 599 324 674 nieorum
351 601 616 685 in-Christum3
655 621 795 674 econtra
828 601 975 697 legimus
1005 604 1179 676 modicam

161 716 272 794 fidem
289 718 326 792 in
343 713 426 814 ipsis
442 716 608 812 apostolis
625 716 814 812 aliquando
830 738 971 790 notasse
991 719 1177 794 Christum.

163 833 219 907 Sic
243 835 377 906 Matth.
411 832 513 904 XVI.
546 857 580 920 7.
613 834 659 904 de
690 859 782 930 pane
802 835 978 922 sollicitis,
1018 837 1179 910 miracula

162 933 472 1046 multiplicaturum
505 975 637 1047 panum
673 948 709 1019 in
742 951 946 1023 memoriam
982 977 1175 1026 revocans:

164 1116 188 1153 ‚,
200 1066 319 1161 Quid,
347 1066 411 1154 ait,
439 1066 597 1161 cogitatis
615 1066 705 1136 intra
725 1092 791 1138 vos
809 1068 960 1139 modicae
980 1068 1087 1157 fidei,
1104 1069 1178 1166 quia

136 1206 275 1278 ,panes
304 1208 378 1254 non
410 1177 584 1256 habetis?
623 1181 799 1254 Nondum
825 1183 1041 1279 intelligitis,
1069 1212 1177 1282 neque

166 1289 400 1370 recordamini
423 1299 579 1394 quinque
598 1325 728 1395 panum
757 1298 792 1369 in
814 1300 1099 1395 quinquemillia
1121 1303 1185 1372 ho·‘

167 1412 323 1502 minum,
352 1435 387 1486 et
407 1434 499 1511 quot
520 1415 694 1509 cophinos
716 1416 908 1492 sumsistis?
960 1416 1093 1513 Neque
1111 1420 1178 1513 sep·

163 1549 236 1602 tem
260 1556 393 1627 panum
420 1532 456 1603 in
487 1553 638 1627 quatuor
661 1510 772 1603 inillia
797 1531 1002 1620 hominum,
1028 1553 1073 1605 et
1096 1551 1179 1628 quot

165 1649 301 1745 sportas
331 1647 558 1720 sumsistis?“
613 1646 745 1719 Pariter
775 1649 859 1719 dnm
892 1648 1078 1743 quondam
1103 1673 1178 1721 cum

163 1766 342 1864 discipulis
369 1788 441 1838 erat
469 1765 504 1835 in
531 1762 648 1852 mari‚·
672 1780 861 1859 motusque
898 1790 1049 1860 magnus
1073 1766 1180 1836 sactus

165 1903 258 1955 esset
294 1880 355 1971 a),
396 1883 474 1968 „ita
502 1901 543 1954 ut
572 1881 734 1953 navicula
765 1880 961 1977 operiretur
990 1880 1177 1966 fluctibus,

165 1998 242 2094 ipse
254 2024 341 2072 vero
354 1998 558 2069 dormiebat.
578 1999 625 2068 Et
636 2015 859 2068 accesserunt
869 1998 914 2068 ad
926 2022 1004 2068 eum
1021 1995 1180 2094 discipuli

42 2183 52 2202 ‚
166 2114 261 2201 eius,
284 2134 319 2185 et
338 2114 589 2185 suscitaverunt
609 2139 689 2182 eum
709 2112 882 2184 dicentes:
911 2111 1074 2186 Domine
1091 2116 1180 2186 salva

154 2243 256 2317 nos,
290 2230 452 2325 perimus.
510 2230 558 2299 Et
583 2227 673 2298 dixit
703 2229 750 2299 eis
776 2230 900 2302 Jesus:
942 2229 1042 2322 Quid
1071 2229 1179 2303 timidi

167 2348 266 2430 estis,
288 2345 436 2417 modicae
455 2344 566 2416 fidei?
589 2343 698 2415 Tunc
711 2347 874 2440 surgens,
897 2345 1084 2442 imperavit
1100 2374 1179 2420 ven·

43 2443 86 2551 xj
164 2464 208 2535 tis
231 2482 266 2535 et
286 2463 390 2547 mari,
413 2480 447 2533 et
464 2462 553 2533 iacta
573 2479 625 2533 est
641 2463 868 2558 tranquillitas
888 2490 1026 2559 magna.
1068 2463 1177 2537 Porro

161 2578 329 2677 ‘homines'
362 2578 485 2650 mirati·
510 2580 590 2651 sunt
626 2579 741 2671 (mox
777 2579 976 2652 videbimus
1013 2580 1052 2652 in
1084 2579 1178 2652 simili

165 2715 395 2771 casumautas
420 2696 600 2767 Christum
626 2696 790 2767 adorasse
816 2707 966 2769 dicentes:
994 2709 1070 2770 Vere
1087 2707 1178 2769 Filius

45 2819 48 2828 '
128 2864 137 2875 ,
167 2821 227 2883 Dei
251 2807 308 2900 es)
344 2812 518 2883 dicentes:
557 2811 680 2904 Qualis
713 2813 862 2900 esthic,
899 2812 980 2908 quia
1013 2807 1177 2886 venriet

164 2953 261 3003 mare
293 2926 469 3010 obediunt,
496 2928 595 3001 ei?“
637 2928 691 3000 Sic
727 2929 828 3000 etiam
863 2930 947 3002 dum
977 2930 1177 3027 imperasset

163 3045 263 3134 Jesus
299 3043 475 3115 daemonio
493 3068 506 3129 ;Ι
547 3043 829 3152 3,·Obmutesce',
856 3065 905 3138 et
942 3045 1023 3133 exi,
1063 3045 1176 3119 subdit

56 3209 66 3227 ,
164 3160 390 3256 Evangelista
414 3156 470 3248 b):
505 3160 554 3231 Et
577 3161 687 3232 factus
714 3182 767 3232 est
790 3187 903 3258 pavor
928 3161 965 3232 in
990 3158 1175 3249 omnibus,

165 3298 200 3350 et
220 3276 514 3373 colloquebantur
533 3278 578 3348 ad
599 3277 767 3366 invicem,
789 3278 963 3350 dicentes:
992 3277 1110 3371 Quod
1131 3295 1177 3351 est

162 3396 232 3466 hoc
255 3396 423 3490 verbum,
450 3393 594 3489 quiain
617 3413 792 3491 potestate
826 3415 861 3468 et
880 3395 1010 3468 virtute
1032 3395 1176 3494 imperat

150 3511 350 3582 immundis
376 3510 572 3607 spiritibus,
600 3532 636 3582 et
659 3512 822 3584 exeunt?
856 3511 905 3582 Et
929 3511 1175 3607 divulgabatur

159 3629 251 3698 sama
277 3627 321 3696 de
347 3626 408 3698 illo
434 3628 471 3696 in
497 3653 638 3700 omnem
663 3631 780 3700 locum
806 3626 973 3722 regionis.
1027 3629 1175 3726 Surgens

162 3763 278 3814 autem
299 3743 396 3813 lesus
425 3744 470 3814 tle
495 3746 694 3841 synagoga,
715 3743 874 3844 introivit
897 3744 935 3814 in
956 3745 1108 3817 domum
1133 3743 1175 3816 Si·

90 3910 92 3915 ·
158 3861 284 3943 rnonis.
344 3857 471 3930 Socrus
503 3878 619 3934 autem
649 3859 799 3933 Simonis
830 3861 1014 3935 tenebatur
1040 3859 1171 3965 magnis

199 4010 228 4086 a)
249 4010 347 4067 Metu.
372 4008 453 4069 VIII.
477 4021 521 4077 28·
610 4010 640 4088 tr)
662 4011 724 4068 zue.
746 4008 799 4073 IV.
820 4004 869 4080 ἐς.
895 4014 898 4023 ’

70 4212 189 4280 ι’.
