2460 4560
245 244 255 280 Ι

475 337 705 377 m
1075 362 1095 430 5

63 487 165 566 tutis.
176 491 216 530 “·
251 489 317 564 Est
335 491 412 566 haec
428 488 541 566 virtus
569 493 667 564 omni
698 491 854 564 credenti
878 491 1097 587 evangelium

71 605 217 679 Christi.
295 609 350 682 Sic
378 612 539 697 „virtute
572 635 701 705 magna
725 610 924 680 reddebant
947 608 1095 704 apostoli

67 722 315 797 testimouium
355 720 620 800 resurrectionis
655 727 737 798 Jesu
781 725 912 797 Christi
947 722 1097 800 Domini

63 841 208 929 nostri,
238 862 273 913 et
296 843 408 938 gratia
427 864 658 940 magnaerat
677 843 717 914 in
739 842 906 915 omuibus
927 841 993 913 illis
1011 838 1059 929 a).
1074 844 1095 879 “

58 1120 62 1127 ·
145 1074 330 1166 Gentiles,
354 1080 415 1176 qui
435 1079 615 1154 Christum
637 1078 673 1148 in
698 1103 800 1150 carne
823 1103 898 1149 non
918 1076 1095 1163 viderant,

64 1216 196 1286 quaeve
217 1196 385 1269 miracula
410 1216 633 1295 patraverat,
660 1222 726 1266 nec
749 1194 935 1265 audierunt
962 1220 1007 1289 err
1034 1218 1096 1263 ore

66 1307 143 1378 eius
181 1309 341 1384 divinam
380 1313 606 1400 doctrinam,
646 1309 884 1408 persuadendi
922 1330 1021 1381 eraut
1043 1334 1096 1403 'ac

65 1424 316 1501 convincendi
345 1431 474 1526 signis,
509 1455 587 1526 quae
623 1456 683 1501 eos
711 1431 892 1512 secutura,
929 1427 987 1498 illc
1015 1452 1097 1521 pro·

60 1539 232 1633 miserat,
256 1547 316 1642 qui
332 1547 567 1643 Evangelium
587 1566 703 1631 essent
722 1542 965 1640 prtudicaturi,
991 1563 1097 1637 atque

64 1656 253 1734 edocendi
276 1684 357 1735 ante
379 1665 498 1736 omnia
520 1665 565 1735 de
590 1690 656 1749 eo,
683 1663 782 1756 quod
807 1680 859 1732 est
880 1678 988 1754 caput
1011 1659 1098 1732 divi-

64 1797 123 1843 Μ
150 1775 344 1874 Evangelii
371 1781 504 1852 Christi
530 1776 842 1849 Verbi·incarnati
869 1775 1098 1859 oeconomiae,

62 1888 204 1971 scilicet
238 1897 449 1968 resurrectio
490 1894 624 1966 Christi
658 1915 704 1964 ex
731 1891 898 1977 mortuis,
936 1916 1042 1985 quam
1065 1909 1100 1961 ct

63 2005 111 2083 in
135 2035 172 2081 se
196 2012 423 2085 credentibus
447 2012 639 2107 gloriosam
663 2008 852 2104 aliquando
874 2009 910 2078 in
930 2033 1099 2080 resurrec·
1180 2059 1182 2064 -

68 2124 176 2197 tione
205 2128 316 2200 carnis
346 2129 506 2225 promisit
539 2128 575 2198 in
605 2127 718 2223 gloria
756 2146 885 2218 aeterna
917 2124 953 2196 in
990 2124 1096 2196 coelis.

63 2247 99 2328 'aa
113 2241 324 2337 Loquimur,
353 2247 400 2318 ait
430 2247 629 2342 Apostolus
652 2241 711 2335 h),
740 2241 813 2313 Dei
835 2241 1038 2337 sapientiam
1061 2240 1098 2311 in

67 2358 269 2455 mysterio,
296 2387 373 2457 quae
398 2363 607 2435 abscondita
633 2381 706 2448 est,
744 2385 849 2454 quam
873 2357 1099 2454 praedestina·

70 2475 129 2547 vit
154 2474 258 2547 Deus
285 2497 365 2550 ante
394 2481 519 2551 saecula
542 2478 577 2549 in
604 2478 751 2573 gloriam
777 2495 943 2546 nostram.
957 2477 978 2511 “
1042 2473 1097 2545 Sic

60 2583 170 2664 ¹iidem
197 2591 349 2665 Athenis
373 2593 409 2671 in
436 2581 632 2692 Areopago
659 2591 881 2666 occasionem
906 2589 1026 2684 arripit
1053 2615 1098 2660 ex

64 2705 303 2804 ¹:inscriptione
333 2710 522 2784 simulacri:
563 2713 720 2785 IGNOTO
743 2709 852 2782 DEO:
893 2718 976 2799 qum
1006 2736 1095 2792 ergo,

64 2824 122 2895 :rit
145 2821 213 2912 c),
254 2818 430 2911 ignorantes
467 2840 586 2919 colitis,
623 2841 679 2900 hoc
719 2857 771 2913 rgo
810 2837 959 2895 anrzrurtio
998 2835 1094 2895 vohis.

67 2938 198 3014 Finem
220 2943 286 3015 illis
311 2948 418 3018 creati
446 2975 465 3019 a
492 2930 577 3021 Deo
604 2947 748 3020 humani
779 2942 917 3040 generis
943 2942 992 3013 ob
1015 2967 1097 3012 ocu·

64 3061 137 3131 los
158 3060 282 3155 ponit,
323 3064 527 3156 „Quaerere
554 3063 696 3152 Deum,
733 3064 761 3135 si
788 3065 880 3134 sorte
912 3077 1097 3131 attrectent

60 3173 179 3265 scum,
215 3198 275 3248 aut
307 3178 509 3268 inveniant,
545 3184 705 3277 quamvis
736 3207 809 3251 non
841 3182 949 3268 longe
986 3175 1025 3245 sit
1051 3175 1096 3245 ab

49 3299 294 3388 ,J-arrroquoquo
334 3304 504 3370 nostrlrm.
557 3300 598 3370 ln
629 3300 706 3395 ipso
737 3297 828 3375 euim
854 3290 1026 3376 vivimus,
1058 3313 1098 3365 et

46 3432 278 3496 movemur,
308 3432 342 3486 et
364 3415 505 3488 sumus:
544 3415 630 3487 sicut
656 3437 690 3487 et
721 3414 863 3509 quidam
895 3429 1096 3483 vestrorum

54 3530 259 3622 {pomarum
279 3529 462 3602 dixerunt:
492 3532 600 3627 ipsius
623 3532 716 3603 enim
740 3551 907 3624 ergerius
930 3527 1058 3603 sumus.
1073 3533 1094 3567 “

56 3643 126 3716 Sic
158 3670 178 3714 a
205 3645 466 3718 simulacrorum
495 3652 590 3727 cultu
619 3667 779 3723 avertens
807 3673 888 3733 eos,
924 3644 969 3715 ad
995 3647 1095 3726 Chri-

45 3780 187 3846 ¹stum,
215 3762 378 3856 diemque
394 3766 668 3843 'resurrectionis
697 3767 869 3842 universae
897 3775 1094 3858 convertit,

67 3926 89 3960 „
104 3877 141 3945 in
167 3903 240 3971 quo
264 3878 366 3950 Deus
388 3881 605 3955 iudicaturus
629 3906 682 3956 est
703 3886 827 3969 orbern
849 3888 886 3957 in
909 3870 1095 3989 aequitate,

111 4026 210 4100 naa.
236 4028 289 4088 rr.
315 4043 357 4097 33.
448 4032 517 4105 nr.
547 4040 599 4090 or.
624 4038 664 4094 rr.
689 4055 715 4106 7.
804 4015 908 4115 orsi}
930 4028 1025 4098 rurs.
1051 4050 1092 4112 η.
