2460 4560
562 345 796 413 Ε

166 353 245 446 ‘134

167 532 268 594 mus,
290 501 423 580 diceret
445 498 510 592 o):
548 510 622 590 fili,
657 515 858 584 remittuntur
874 513 936 576 tibi
953 525 1093 596 peccata
1119 507 1184 595 tut}
1226 534 1228 541 ·

168 623 325 697 dicentes
340 624 430 696 intra
449 648 504 707 se,
534 620 591 691 hic
610 620 851 715 blasphemat,
872 624 974 716 quod
991 624 1187 698 remittendi

165 722 321 837 potestas
343 740 407 826 soli
428 737 514 809 Deo
536 754 734 834 competat,
762 741 904 833 qualem
927 737 979 815 illi
1010 739 1188 818 Christum

168 883 339 932 essenon
361 841 614 951 agtroicebant.

241 1105 362 1183 Erant,
389 1112 430 1168 ut
456 1091 572 1169 Lucas
600 1111 775 1165 memorat
803 1085 1022 1190 eringelista
1045 1089 1106 1184 b),
1143 1123 1192 1187 ap«

159 1202 406 1306 propinqircntes
435 1226 463 1283 ei
479 1221 663 1302 publicant.
701 1231 733 1280 rt
751 1211 949 1299 peccatores,
986 1232 1026 1282 ut
1053 1199 1191 1284 audirent

164 1339 261 1401 illum.
292 1340 335 1402 Et
353 1339 587 1413 murmurabant
605 1337 752 1396 Phorisaei
771 1349 802 1398 et
823 1312 927 1398 Scribat
946 1337 1105 1402 dicentesr
1120 1341 1191 1421 quio

165 1455 215 1517 hic
235 1460 345 1538 recipit
360 1469 555 1537 peccatores,
583 1467 614 1517 et
634 1452 891 1514 manducarem
912 1452 986 1522 illis.
1039 1442 1189 1518 Dicebat

162 1581 249 1635 tunc
266 1560 334 1635 iliis
356 1563 563 1660 paraboiam
583 1563 695 1649 illam,
722 1585 792 1654 qua
814 1559 900 1634 nihil
920 1560 1189 1635 convenientius

165 1705 239 1752 esse
263 1701 400 1778 potest,
428 1681 473 1752 ad
494 1677 813 1751 demonstrandum
835 1675 1067 1752 tenerrimum
1094 1679 1186 1751 suum

163 1823 247 1894 erga
273 1798 450 1894 perditum
472 1797 666 1884 humanum
690 1822 802 1891 genus
837 1793 1024 1882 affectum,
1053 1795 1101 1871 de
1131 1797 1188 1866 ho·

162 1915 258 1985 mine
280 1916 462 1999 nimirum,
486 1915 597 2008 qualis
621 1913 679 1985 ille
701 1913 744 1985 ad
769 1939 836 1984 nos
860 1908 1095 2015 redimendos
1118 1939 1186 1984 esse

161 2031 295 2117 voluit,
331 2083 352 2116 „
363 2031 423 2126 qui
450 2022 559 2103 habet
582 2049 722 2101 centum
746 2056 856 2103 oves:
886 2050 921 2103 et
944 2027 973 2101 si
997 2029 1188 2127 perdiderit

160 2172 268 2219 unam
304 2171 349 2216 ex
380 2146 468 2231 illis,
504 2171 627 2217 nonne
660 2145 1029 2244 dimittitnonaginta
1058 2173 1187 2219 novem

57 2340 65 2353 Ι
160 2263 200 2334 in
228 2262 389 2349 deserto,
420 2281 454 2334 et
481 2261 581 2333 vadit
605 2263 651 2332 ad
674 2261 788 2355 iliam,
817 2289 894 2360 quae
921 2264 1104 2360 perierat,
1130 2265 1188 2336 do·

160 2407 228 2452 nec
245 2379 403 2453 inveniat
420 2380 526 2455 eam?
549 2379 697 2450 Etcum
718 2360 894 2454 invenerit
916 2408 1014 2470 eam,
1041 2380 1187 2480 imponit

159 2496 205 2594 in
235 2497 408 2569 humeros·
440 2497 522 2568 suos
559 2496 744 2591 gaudens:
788 2517 823 2569 et
854 2498 1001 2571 veniens
1036 2499 1186 2574 ,domum

161 2633 341 2687 convocat
359 2613 492 2694 amicos
508 2633 543 2686 et
563 2614 702 2686 vicinos
726 2613 846 2686 dicens
872 2614 955 2686 iilis:
985 2615 1188 2712 Congratu·

158 2732 281 2804 lamini
303 2732 407 2825 mihi,
436 2726 518 2826 quia
540 2730 662 2802 inveni
683 2756 788 2803 ovem
809 2757 943 2819 meam,
972 2757 1055 2828 quae
1078 2734 1186 2830 perie-

158 2869 220 2922 rat.
272 2830 372 2927 Dico
394 2848 517 2933 vobis,
543 2848 643 2943 qu'od
669 2847 717 2919 ita
741 2848 908 2942 gaudium
928 2848 1003 2921 ‘crit
1028 2851 1067 2934 in
1096 2855 1184 2923 coelo

157 2969 264 3062 super
290 2991 364 3037 uno
394 2985 580 3061 peccatore
613 2964 855 3060 poenitentiam
891 2985 1044 3060 agente5
1080 2995 1185 3064 quam

157 3088 264 3181 super
296 3083 492 3178 nonaginta
521 3107 654 3168 novem
678 3081 798 3171 iustis,
833 3081 894 3178 qui
918 3108 994 3171 non
1022 3084 1186 3183 indigent

158 3200 409 3299 poenitentiaft
428 3275 433 3283 ,
849 3190 852 3195 ’

134 3530 136 3535 Ι
235 3437 305 3509 Sed
324 3440 414 3510 'tales
434 3461 493 3524 re,
522 3435 582 3532 qui
603 3435 811 3534 poenitentia
836 3463 912 3510 non
937 3458 1106 3534 egerent,
1128 3438 1186 3511 sal·

157 3572 228 3626 tem
252 3556 457 3628 hominibus
477 3574 654 3628 ostentare
673 3556 846 3628 volebant
862 3554 1039 3635 Pharisaei,
1079 3554 1185 3627 Unde

63 3743 66 3749 Α
156 3671 242 3767 ipsis
270 3671 435 3744 Christus
455 3697 511 3748 vae
540 3671 734 3768 ingeminat
757 3669 811 3762 c):
843 3683 927 3766 Quia
957 3685 1033 3744 estis
1063 3695 1101 3746 ut
1126 3688 1197 3744 mo·¹

73 3824 74 3830 ¹
156 3809 301 3884 numento
320 3815 383 3878 qua
404 3818 463 3859 non
479 3812 649 3880 apparent,
681 3811 712 3861 et
728 3799 864 3860 homines
881 3799 1075 3862 arnbuiarrtes
1084 3797 1185 3881 supra

155 3917 301 3979 nesciunt.
382 3903 470 3990 Haec
510 3905 673 3993 Christus
714 3932 795 3991 cum
832 3907 931 4004 apud
968 3905 1184 3980 Rharisaeum

196 4054 226 4134 t)
246 4055 344 4118 Maur.
369 4053 422 4125 IX
446 4070 472 4112 ι.
557 4058 588 4133 t)
607 4059 670 4121 Luc.
697 4059 762 4117 XV.
788 4073 812 4115 ι.
898 4055 927 4135 c)
954 4057 1004 4122 lb.»
1021 4057 1075 4118 XI.
1096 4075 1141 4137 44.
