2460 4560
164 341 207 410 18

57 475 66 483 ’
158 476 485 579 «Ιίἀῐειὶ·,’(]ιιοηίαῳ
503 473 732 571 perficientur
748 500 789 547 ea
807 499 887 570 quae
906 474 999 548 dicta
1016 474 1099 549 [unt
1115 474 1175 550 tibi

553 301 784 377 ξ

41 584 54 667 ⁸.
155 624 177 669 a
208 593 383 667 Domino.
400 596 422 631 “
495 589 608 684 Quasi
641 615 790 686 carpens
825 592 1033 664 Zachariam
1062 592 1179 667 virum

155 711 377 786 incredulum
398 707 480 780 voci
501 688 639 802 angelii
660 707 693 779 ei
707 707 745 780 in
765 712 898 805 templo
920 710 997 782 haec
1014 735 1178 807 praenun-

155 829 353 916 tiantis,·et
373 825 507 914 ideirco
529 825 617 896 muti
650 850 762 920 usque
781 823 818 895 in
850 826 960 914 diem,
1001 852 1075 922 quo
1101 812 1178 908 hacc

153 948 245 1021 facta
279 947 378 1030 sunt,
412 943 557 1037 quando
585 941 748 1014 nimirum
782 963 975 1037 „apertum
1004 963 1057 1015 est
1081 942 1176 1016 illico

154 1091 196 1136 os
220 1061 314 1148 eius,
341 1079 376 1143 et
400 1058 522 1155 lingua
545 1058 639 1146 eius,
667 1078 701 1130 et
723 1059 935 1161 loquebatur
961 1058 1179 1133 benedicens

153 1180 289 1254 Deum.
337 1176 387 1249 'Et
410 1177 521 1249 factus
546 1196 600 1248 est
624 1173 729 1247 timor
754 1176 857 1272 super
883 1201 1008 1248 omnes
1038 1175 1180 1260 vicinos

155 1320 300 1369 eorumr
337 1314 372 1365 et
395 1294 501 1389 super
530 1291 650 1364 omnia
675 1312 843 1364 montana
865 1291 993 1365 Judaeae
1021 1292 1177 1388 divulga

100 1460 103 1467 Δ
153 1414 290 1487 bantur
313 1408 434 1481 omnia
457 1409 569 1482 verba
597 1409 673 1480 hac
699 1404 787 1498 a).'“
844 1408 956 1481 Eccui
985 1434 1075 1482 vero
1103 1436 1178 1487 non

153 1529 333 1626 stuporem
359 1524 489 1598 iniiciat
509 1551 624 1601 rerum
653 1524 995 1597 mirandarum'una.
1010 1525 1111 1620 quasi
1129 1527 1176 1598 se·

154 1624 244 1732 τίετε,Ὺ
266 1641 541 1739 congeriesque,
570 1640 691 1714 divina
709 1640 896 1736 Evangelii
916 1641 1048 1714 Christi
1063 1641 1177 1714 Verbi

100 1835 102 1840 .
146 1759 347 1864 incarnati,
381 1750 451 1831 iam
472 1785 659 1856 antequam
683 1779 905 1847 nasceretur,
942 1759 1177 1833 oeconomia‘?

271 2059 701 2184 'cuarsrus
766 2106 1055 2184 uirus,

154 2340 201 2417 V.
228 2316 256 2432 „¹
320 2363 438 2417 actum
460 2361 513 2415 est
531 2361 647 2415 autem
668 2339 706 2413 in
723 2341 847 2415 diebus
866 2341 951 2439 illis,
980 2329 1175 2420 exiit'edic·

152 2479 271 2535 tuma
297 2459 436 2532 Caesare
464 2459 659 2554 August0,
697 2479 736 2532 ut
762 2457 1019 2546 describeretur
1038 2460 1177 2535 univer·

150 2602 211 2648 sus
237 2575 334 2674 orbis
350 2572 407 2666 b).
422 2579 444 2614 ‘⁶
504 2575 593 2649 Non
619 2595 759 2673 poterat
782 2577 1011 2672 Evangelista
1037 2604 1178 2676 expres·

145 2691 224 2775 ¹sius
255 2692 487 2766 determinare
518 2711 657 2790 tempus·
692 2693 865 2768 adventus·
896 2687 1046 2766 Messiae
1076 2696 1178 2770 iuxta

150 2807 374 2907 prophetiam
397 2800 603 2906 patriarchae
628 2810 738 2882 Jacob
758 2808 815 2901 ὠς
854 2810 977 2898 „Non
1001 2812 1179 2891 auferetur

112 3007 113 3010 Ἴ
150 2926 324 3021 sceptrum
352 2926 396 2998 de
421 2926 534 3015 Juda,
561 2947 596 3000 et
617 2928 693 3000 dux
715 2927 760 3015 de·
781 2928 917 3008 femore
946 2929 1039 3016 eius,
1059 2930 1178 3024 donec

153 3040 275 3115 veniat
291 3034 357 3137 qui
378 3033 569 3116 mittendus
596 3063 671 3131 est,
706 3063 741 3115 et
766 3043 842 3140 ipse
870 3045 935 3119 erit
957 3047 1176 3143 exspectatio

151 3149 321 3254 gentium.
335 3162 357 3198 ‘⁶
407 3149 496 3232 Non
520 3152 625 3233 semel
648 3159 812 3254 equidem
834 3156 996 3236 Israelita
1013 3162 1051 3233 in
1068 3164 1179 3238 fervi·

152 3293 266 3348 tutem
292 3267 423 3350 redacti
449 3277 611 3364 fuerant,
651 3276 814 3381 dispersae
843 3276 947 3351 etiam
973 3299 1178 3356 manserant

152 3392 299 3490 captivat
325 3394 486 3467 deductae
506 3385 648 3490 reliquae
677 3395 789 3468 tribus
812 3417 941 3492 praeter
956 3394 1097 3470 ‘tribum
1120 3397 1178 3471 Ju-

152 3501 218 3596 da,
246 3529 325 3605 quae
350 3509 387 3582 in
413 3504 533 3584 Judaea
549 3503 723 3610 superstes
750 3533 836 3610 post
852 3506 1091 3611 captivitatem
1110 3515 1178 3592 Ba,

150 3626 354 3722 bylonicam
399 3628 502 3700 etiam
548 3655 808 3726 nonnunquam
850 3631 964 3704 fuerat
1009 3626 1184 3707 servitute

152 3759 294 3840 pressa,
321 3735 381 3816 sed
402 3745 558 3819 ,necdum
581 3766 746 3834 venerat,
765 3738 828 3842 qui
846 3747 939 3820 foret
959 3749 1178 3845 exspectatio

134 3860 312 3957 -geutium
337 3861 494 3937 Messias
518 3856 683 3940 Christus
700 3861 824 3938 Jesust
849 3887 923 3960 quo
942 3864 1043 3941 brevi
1064 3865 1178 3940 nasci·

151 3984 158 4007 Ι

197 4011 227 4088 a)
248 4011 311 4072 luc.
335 4010 360 4073 Ι.
382 4014 427 4080 tt.
507 4012 540 4090 h)
560 4010 687 4072 auara
711 4027 736 4082 r,
821 4014 849 4093 r)
874 4015 936 4073 Gen.
959 4015 1063 4078 XLIX.
1088 4033 1133 4082 tos

141 4151 146 4159 ,

70 4182 154 4288 Ι,

141 4280 146 4287 .
