2460 4560
94 492 305 605 Judaearrpin
329 473 492 552 civitatem·
528 471 724 570 Betlde'hem,
758 485 878 575 eoquod
904 475 992 555 esset
1014 473 1129 541 Cfflif

97 613 134 673 de
160 611 254 671 domo
279 618 309 670 et
325 605 459 686 familia
485 604 613 684 David,
640 620 676 670 ut
692 608 893 690 profiteretur
911 616 979 672 cum
1049 597 1088 653 Χ·

99 708 213 789 Mariti
242 727 426 807 desponsata
442 717 503 798 sthi
532 728 628 785 uxore
647 728 844 804 pregnante,
868 713 980 789 relin-
993 690 1135 772 eqd

98 843 216 932 quens
232 817 383 963 'divinaej
406 829 582 926 sapient'iae
615 823 763 905 consilio
791 833 872 905 orbi
902 834 979 906 Ro·
1149 832 1152 843 “

99 978 210 1029 mano
229 949 266 1021 in
289 946 421 1020 tabulis
434 947 584 1043 publicis
602 970 708 1022 ortus
718 950 769 1023 fui
788 950 981 1024 documen·

101 1086 198 1156 tum3
214 1067 258 1140 ad
273 1066 372 1162 quod
387 1065 608 1137 confidenter
622 1087 862 1161 provocarent
876 1069 979 1140 chris·

99 1185 199 1260 tiam'
235 1185 272 1256 Ο
289 1165 507 1255 adorandam
526 1182 680 1255 divinam
698 1184 980 1314 providentiam!

101 1304 189 1377 dum
204 1300 364 1398 superbit
377 1299 515 1404 Caesar
507 1320 688 1373 ostentans
702 1300 840 1398 imperii
853 1310 982 1398 poten·
1079 1323 1084 1365 3

102 1421 187 1494 tiam
217 1438 252 1491 et
277 1412 474 1515 imperandi
503 1427 713 1513 potestatem
742 1430 804 1516 per
834 1416 982 1508 orbem,

102 1536 353 1612 creator‘orbis
373 1553 408 1606 et
425 1513 590 1607 dominns
609 1536 725 1608 adhuc
739 1536 775 1606 in
793 1557 894 1609 utero
912 1563 984 1610 mae

102 1655 165 1726 tris
183 1651 325 1724 humilis
344 1651 568 1726 obsecundat
581 1654 678 1725 simul
694 1655 853 1751 principi·
863 1669 984 1728 terres*²

102 1771 168 1858 ιιι,
187 1789 223 1841 et
240 1768 334 1840 Patri
353 1772 484 1841 coelesti
504 1769 603 1840 iuxta
620 1770 844 1867 prophetiam
861 1769 984 1845 Micht

102 1886 151 1959 V.
175 1912 208 1961 ε.
227 1901 292 1958 em
336 1894 378 1956 Et
400 1893 435 1955 tu
455 1879 647 1972 uetttetem‘,
669 1896 811 1976 Ephratu
825 1897 985 1977 paratius·

64 2073 67 2079 .
103 2017 186 2078 erin
203 2012 335 2075 millibus
351 2011 456 2082 Juda':
476 2029 515 2073 ex
532 2019 563 2074 ιε’
581 2012 657 2072 mihi
674 2003 858 2092 egredietur,
877 2016 930 2096 qui
938 2009 986 2090 stt
1082 2061 1085 2071 ,

103 2132 282 2194 dominator
299 2131 331 2189 in
349 2127 464 2205 israel,
487 2125 518 2190 et
534 2135 666 2204 egressus
687 2133 752 2191 eius
773 2123 811 2191 uh
828 2117 938 2208 initio,
963 2132 986 2190 α’
1053 2179 1056 2185 .

105 2247 212 2311 diebus
228 2246 416 2307 aternitatis.
446 2244 575 2324 Propter
592 2243 648 2307 hoc
666 2245 753 2307 dubit
770 2264 819 2307 eos
835 2233 988 2329 usquead

106 2346 245 2445 tempus,
265 2364 298 2422 in
315 2368 375 2442 qno
386 2364 566 2441 parturiens
577 2363 705 2442 pariit:
725 2375 756 2425 et
771 2363 903 2445 reliquia
911 2362 986 2442 fras

88 2516 90 2523 ·
105 2489 192 2543 trum
205 2481 270 2548 eim
283 2488 496 2540 'convertentur
509 2478 553 2538 ad
558 2476 643 2553 filios
656 2479 759 2539 Israel.
781 2471 823 2540 Et
827 2476 941 2556 stabit,
956 2483 989 2542 e't

98 2603 215 2679 pascet
233 2598 267 2656 in
275 2593 467 2672 fortitudine
487 2596 616 2654 nominis
636 2593 761 2654 Domini
785 2592 844 2656 Dei
853 2593 930 2673 sui:
957 2599 991 2657 ct'

107 2719 343 2788 conventurum
371 2713 448 2793 quin
465 2716 542 2771 nunc
563 2701 809 2785 magnificabitur
828 2717 921 2792 utque
946 2698 990 2772 od

107 2831 256 2911 terminos
274 2840 381 2889 terra:
401 2815 488 2913 lapis
508 2815 668 2888 nimirum
689 2816 745 2888 ille
760 2814 856 2890 Dan.
868 2818 913 2889 II.
924 2837 988 2906 45.

108 2935 173 3034 qui
191 2945 341 3007 demdnte'
355 2943 504 3008 abscissus
517 2953 563 3005 est
569 2939 604 3020 s
602 2947 637 3004 ne
650 2945 806 3020 manibus,
824 2952 856 3006 et
867 2946 992 3005 commi
1024 2992 1027 2997 f
1105 2959 1106 2963 ’

109 3064 182 3126 nuit
200 3066 311 3123 tertam
327 3063 358 3122 et
367 3060 490 3140 ferrum
503 3067 559 3123 εἰς.
597 3050 817 3124 Mandatum
834 3048 1012 3147 Augusti*

109 3185 262 3244 matrem
284 3168 366 3240 Jesu
388 3167 563 3238 deducit
553 3193 589 3236 m
609 3167 837 3256 Bethlehem,
859 3178 899 3241 ut
920 3168 990 3255 ibi,

110 3307 196 3361 eum
210 3302 285 3356 non
300 3299 391 3356 esset
403 3286 502 3355 locus
514 3283 550 3353 ih
562 3283 776 3371 diversorio,
791 3292 993 3356 nasceretur

110 3403 153 3478 in
178 3402 334 3488 stabulo,
362 3399 423 3496 qui
442 3399 503 3470 sibi
522 3399 640 3472 omnia
659 3412 768 3494 regna
786 3399 992 3488 subiiceret3

112 3536 157 3596 ac
176 3521 269 3618 coila
285 3531 408 3614 reg'um
427 3507 592 3590 subderet
607 3516 770 3589 suscitato
789 3502 850 3588 fibi
869 3528 994 3610 regnu,-

55 3732 62 3739 .
113 3647 204 3731 quod
218 3648 251 3707 in
267 3658 409 3707 aternum
427 3651 486 3706 non
504 3643 721 3725 dissipabitur,
744 3651 774 3705 e't
790 3647 914 3718 regnum
931 3646 997 3705 eius

52 3766 58 3773 '
114 3765 211 3826 alteri
221 3762 340 3844 populo
357 3782 417 3824 non
433 3763 593 3824 trudetur:
620 3762 802 3843 comminuet
821 3772 941 3837 autem,
966 3773 997 3824 et

116 3881 275 3943 consumet
294 3881 399 3942 omniu
418 3897 511 3956 regna
531 3877 619 3944 Ιιιιι
637 3859 998 3973 Nabuchodonosori

69 4006 79 4017 ·
117 4013 251 4084 nempe
272 3986 309 4057 in
333 3987 444 4062 statua
464 4004 715 4086 repraesentata
734 4011 798 4107 per
810 3982 997 4093 somnum-t

52 4208 68 4221 .
171 4098 342 4183 Tomi
674 4089 768 4179 R
