2460 4560
495 375 726 396 W
1051 347 1121 436 169

96 490 240 563 modo..
274 486 368 561 Cum
389 504 506 559 autem
531 487 669 559 venerit
694 486 921 585 Spiritusille
946 489 1123 583 veritatis,

96 606 245 685 docebit
261 631 328 705 vus
353 630 496 676 omnem
516 602 718 676 veritatem:
749 605 934 676 nonenim
957 609 1122 702 loquetur

97 751 115 796 a
145 723 360 819 semetips03
399 723 460 794 sed
497 745 719 816 quaeeunque
754 716 896 807 audiet,
935 724 1122 816 loquetur,

98 861 131 912 et
157 865 238 934 quae
260 859 411 911 ventura
437 840 536 922 sunt,
564 836 787 911 annuntiabit
810 838 926 912 vobis.
978 839 1040 912 Ille
1065 868 1122 917 me

96 956 323 1033 clarificabit:
352 955 436 1052 quia
460 956 515 1024 de·
530 979 611 1024 meo
634 953 804 1049 accipiet,
842 975 876 1026 et
901 946 1125 1031 annuntiabit

94 1073 215 1152 vobis.
263 1071 396 1143 Omnia
418 1096 638 1165 quascunque
660 1070 767 1142 habet
788 1070 912 1158 Pater,
936 1099 1014 1145 mea
1032 1076 1132 1148 sunt..

93 1187 294 1286 Propterea
320 1189 413 1262 dixi:
442 1188 523 1282 quia
550 1188 595 1258 de
617 1214 698 1258 meo
726 1187 895 1285 accipiet,
928 1211 962 1264 et
990 1216 1125 1263 annun·

92 1307 199 1379 tiabit
219 1304 334 1378 vobis.
351 1309 372 1343 “
424 1304 608 1400 Deinceps
629 1303 755 1378 iterum
780 1309 871 1378 mala
898 1308 946 1379 eis
971 1307 1006 1378 in
1026 1326 1131 1381 mun-¹

94 1425 147 1496 do
179 1423 388 1519 perferenda
416 1422 636 1518 praedicens,
671 1424 801 1494 solatur
827 1449 913 1509 eos,
948 1426 1047 1519 quod
1070 1425 1127 1501 tri·

93 1541 192 1614 stitia
224 1567 346 1612 eorum
380 1541 418 1610 fit
453 1539 691 1612 convertenda
723 1539 760 1610 in
794 1540 989 1635 gaudium:
1032 1564 1125 1616 certa
1197 1541 1200 1546 ’

94 1656 234 1730 fiducia
266 1656 349 1730 item
389 1656 603 1742 obtinendi,
651 1656 827 1751 quidquid
861 1657 1027 1753 petierint
1063 1658 1127 1736 Pa·
1177 1653 1178 1656 ¹

95 1795 190 1848 trem
224 1773 429 1844 innomine
460 1774 544 1842 suo:
593 1781 780 1861 Usquemodo
807 1801 866 1845 non
881 1785 1008 1862 petistis
1039 1786 1127 1864 quid-

98 1919 198 1983 quam
227 1899 351 1964 Patrem
385 1902 417 1958 iu
444 1900 573 1958 nomine·
588 1915 678 1957 meo:
729 1876 853 1972 Petite,
890 1910 921 1958 et
951 1898 1127 1978 accipiefi,
1162 1927 1166 1934 ·

101 2018 139 2079 'ut
161 2016 311 2092 gaudiam
335 2027 474 2081 uestrum
492 2011 538 2090 fit
562 2014 698 2092 plenum.
762 2003 860 2075 Turn
900 2004 1041 2077 demum
1079 2006 1130 2078 di·
1163 1986 1167 1993 .
1213 2048 1218 2064 ι

101 2125 223 2199 vinam
249 2118 573 2217 EvangeliiVerbi
598 2119 769 2192 incarnati
795 2120 1029 2193 oeconomiam
1055 2148 1131 2195 om·

103 2268 187 2313 nem
221 2244 458 2336 complexus:
504 2227 617 2333 „ipse
646 2235 776 2322 Pater,
806 2234 1008 2332 inquito),
1036 2260 1130 2315 amat

102 2381 189 2444 vos,
217 2357 299 2451 quia
324 2382 391 2429 vos
419 2381 483 2429 me>
500 2353 662 2440 amastis,
692 2373 727 2426 et
752 2354 971 2441 credidistis,
999 2357 1080 2451 quia
1108 2384 1128 2431 a

104 2473 192 2546 Deo'
221 2473 326 2547 exivi:
376 2471 482 2544 Exivi
510 2471 676 2555 aPatre,
702 2490 739 2541 et
763 2470 846 2544 veni
874 2469 1127 2550 inmundum:

104 2590 231 2666 iterum
267 2589 428 2683 relinquo
464 2587 667 2673 mundum,
705 2605 739 2662 et
765 2587 863 2661 vado
897 2588 943 2658 ad
979 2589 1130 2671 Patrem.

106 2706 248 2780 Dicunt
279 2706 310 2781 ei
342 2703 503 2799 discipuli
536 2702 636 2774 eius:
684 2703 779 2774 Ecce
808 2729 904 2776 nune
935 2708 1049 2800 palam
1080 2709 1133 2788 lo·
1171 2718 1176 2728 “

107 2822 253 2920 queris,
291 2841 326 2893 et
361 2819 592 2917 proverbium
620 2823 759 2892 nullum
783 2819 896 2895 dicis:
948 2849 1044 2894 nunc
1072 2823 1134 2895 sci-

107 2967 206 3025 mus,
236 2937 316 3033 quia
341 2937 404 3010 scis
432 2936 574 3023 omnia,
610 2955 645 3007 et
671 2962 744 3006 non
773 2962 863 3032 opus
892 2939 1055 3025 esttibi,
1093 2959 1132 3021 ut
1169 3021 1171 3025 Α

107 3058 187 3154 quis
215 3075 250 3128 te
276 3054 485 3150 interroget:
512 3051 550 3131 in
576 3053 647 3133 hoc
676 3052 873 3142 credimus«,
901 3054 984 3149 quia
1006 3081 1026 3128 a
1046 3054 1133 3137 Deo
1219 3075 1222 3079 ’

109 3172 223 3251 existi.
247 3175 269 3219 ‘⁵

160 3391 192 3468 a)
212 3389 263 3467 Jo·
287 3388 377 3463 Χνι.
408 3351 450 3464 27¹·
