2460 4560
465 349 702 408 Ξ
998 340 1088 445 ’133

56 502 237 593 blicano,
276 503 454 579 coniicere
490 506 610 594 licet,
632 507 765 595 fuisse,
806 531 885 604 quae
924 505 1092 579 Christus

49 610 321 720 ‘Kaodwyrdqnss
343 650 450 720 quem
468 628 604 696 nullum
622 626 723 699 latuit
739 628 931 710 secretum,
953 623 1088 695 Simoni

58 739 94 811 in
119 741 281 814 animum
308 768 476 815 revocare
506 743 663 815 voluerit
697 743 840 816 latentia
865 759 1011 855 peccata
1044 765 1092 812 ao
1192 766 1194 773 ’

58 856 208 930 crimina
244 863 384 933 locutus
418 861 464 932 ad
496 886 583 946 cor,
619 859 684 946 iis,
724 861 853 956 quibus
876 885 967 932 eum
1000 854 1092 927 mira

56 975 230 1048 suavitate
251 997 335 1073 post
361 981 508 1058 relatum
529 977 642 1049 modo
665 979 885 1064 sermonem,
913 979 1044 1061 allocut
1031 989 1087 1045 tus
1154 1040 1156 1045 .

58 1110 113 1164 est
134 1093 279 1179 verbis3
305 1100 327 1180 ‚3
339 1094 567 1190 Conversus,
595 1096 696 1188 quod
719 1093 835 1190 probe
859 1092 1085 1176 notandum,

57 1209 102 1280 ad
119 1209 327 1281 mulierem:
354 1211 486 1298 Vides,
513 1211 577 1298 ait,
599 1212 693 1284 hanc
717 1195 927 1296 mulierem?
952 1204 1088 1280 Intravi

56 1323 94 1396 in
116 1325 267 1398 domum
285 1341 400 1415 tuam,
420 1354 546 1424 aquam
567 1327 724 1425 pedibus'
738 1328 825 1410 meis
841 1353 916 1410 uon
935 1322 1082 1400 dedisti:

57 1441 136 1513 haec
148 1462 267 1515 autem
281 1445 406 1530 mulier
418 1445 580 1542 iacrymis
590 1444 717 1540 rigavit
726 1442 839 1541 pedes
852 1451 972 1537 meos,
987 1461 1023 1515 et
1033 1467 1087 1515 ca·

58 1557 229 1652 pillissuis
240 1562 346 1646 tersit.
362 1546 535 1635 Osculum
546 1561 631 1643 mihi
640 1587 714 1633 non
725 1562 853 1634 dedisti
864 1587 872 1630 :
882 1562 1085 1646 haeoautem

60 1701 105 1746 ex
125 1701 202 1771 quo
224 1677 384 1776 intravit,
406 1704 481 1763 non
503 1679 653 1758 cessavit
673 1679 824 1763 osculari
843 1680 955 1775 pedes
974 1705 1084 1751 moos.
1187 1731 1202 1745 .

60 1793 159 1865 Oleo
189 1814 297 1892 caput
328 1823 446 1881 meum
477 1823 553 1870 non
584 1793 740 1877 unxisti:
776 1784 854 1867 haeo
879 1816 996 1877 autem
1021 1820 1085 1866 un·

58 1930 196 2004 guento
227 1902 330 1997 unxit
358 1914 471 2009 pedes
504 1937 615 1983 meos.
683 1911 834 2008 Propter
867 1913 966 2014 quod
998 1912 1085 1986 dico

58 2025 144 2097 tibi:
174 2028 420 2114 Remittuntur
447 2029 477 2113 ei
507 2048 653 2126 peccata
678 2032 808 2117 multa,
844 2029 1014 2124 quoniam
1036 2029 1086 2102 di·

57 2143 146 2216 lexit
167 2149 326 2232 multum.
380 2147 450 2228 Cui
470 2167 586 2232 autem
608 2147 723 2230 minus
744 2147 946 2233 dimittitur,
968 2146 1086 2220 minus

59 2260 222 2357 diligit‘t
281 2264 343 2347 Art
366 2291 440 2348 non
465 2264 570 2351 tacite
598 2264 731 2346 Simoni
762 2264 939 2348 insinuare
968 2264 1089 2338 videa·

57 2376 193 2453 turhic
220 2377 383 2463 Christus
411 2408 490 2464 eum
523 2407 598 2460 esse
628 2382 768 2478 ipsum,
806 2381 861 2454 cui
890 2381 1007 2460 minus
1034 2381 1085 2452 di·

56 2492 226 2593 mittitur,
260 2497 342 2591 quia
370 2498 487 2579 minus
515 2497 664 2603 diligit?
702 2499 784 2570 Hoc
815 2518 867 2570 est
892 2500 991 2593 quod
1018 2525 1085 2573 nos

58 2609 233 2696 Germani
253 2613 420 2714 dicimus:
449 2625 511 2685 o'os
528 2624 683 2696 Gewisseu
700 2625 820 2697 riiliren.
858 2615 977 2710 Quem
995 2641 1084 2687 vero

55 2748 226 2823 peccator
245 2731 362 2812 miuus
385 2751 446 2814 aut
462 2730 574 2826 magis
598 2729 743 2826 diligere
762 2732 888 2823 debet,
910 2752 949 2817 ut
968 2732 1088 2806 minus'

57 2863 121 2914 aut
147 2846 262 2952 ¹magis
296 2848 328 2919 ei
360 2849 577 2935 remittatur,
614 2832 682 2919 nisi
712 2849 870 2937 Deum?
907 2875 1013 2946 quem
1044 2877 1082 2922 se
1172 2889 1197 2953 ι·

57 2959 224 3046 Christus
252 2990 327 3049 esse
349 2967 447 3038 haud
474 2967 628 3051 obscure
653 2964 711 3048 hic
736 2966 870 3060 edixit,
907 2966 1087 3048 ‚charitatis'

56 3075 177 3150 officia
211 3080 274 3164 sibi
307 3085 461 3179 praestita
491 3104 553 3156 aut
585 3083 847 3179 praestanda
818 3111 849 3163 et
886 3078 996 3167 facta·
989 3109 1084 3156 esse

54 3195 290 3312 profitendo,
327 3199 388 3295 qui
416 3221 560 3295 peccata
583 3201 751 3286 remittit,
789 3201 850 3309 qui
883 3222 935 3274 est
968 3199 1082 3274 Deus

54 3321 155 3383 Dixit
182 3336 287 3397 auteur
323 3327 367 3397 ad
400 3327 574 3398 mitterem
614 3326 825 3399 demittuntur
857 3329 914 3400 tibi
941 3339 1082 3418 peccatu.

53 3437 99 3500 Et
123 3454 308 3519 ruperunt,
339 3445 395 3526 qui
420 3438 517 3517 simui
547 3443 763 3541 accumbebant
792 3444 889 3516 dicero
913 3438 1011 3503 intra
1025 3463 1083 3506 se:

52 3556 133 3638 ¹Quis
159 3568 205 3617 est
229 3557 301 3636 iric,
296 3563 384 3648 qui
412 3561 508 3628 etiam
529 3571 662 3640 peccato
687 3559 848 3630 dimittit?
887 3550 1084 3632 modestius
1178 3541 1180 3545 Ι

51 3664 133 3734 haec
156 3661 284 3751 dicum
307 3667 365 3753 hi,
401 3693 506 3761 quam
535 3665 662 3750 Scribat
691 3665 760 3750 illi,
794 3666 981 3761 perinde
971 3668 1084 3764 ignari

51 3779 186 3852 divinae
216 3780 405 3877 Evangelii
439 3782 574 3867 Christi
601 3781 713 3863 Verbi
739 3783 911 3857 incarnati
940 3813 1085 3859 oecono·

50 3897 157 3985 miae,
186 3920 271 3973 cum
296 3898 459 3972 Christus
485 3900 701 3998 paralytic0‚
733 3921 773 3975 ut
795 3902 901 4000 supra
927 3901 1085 3976 memini-

1043 4034 1172 4272 ‘r
