2460 4560
158 502 196 584 in
216 475 312 581 iriro,
340 491 376 565 in
403 510 476 589 quo
503 490 636 576 statuit,
662 491 772 562 fidem
799 480 962 588 praebens
987 486 1178 582 omnibus,

159 613 326 705 suscitans
369 638 449 683 eum
493 637 512 681 a
555 608 714 679 mortuis.
725 611 747 645 “
822 608 1075 683 Persuaserant
1116 610 1180 684 fibi

161 738 259 824 σοφω
291 729 547 816 Athenienses,
585 753 735 813 novorum
770 736 981 798 damoniorum
1004 729 1067 800 seu
1098 728 1180 800 deo·

159 875 237 938 rum
276 827 560 939 annuntiatorem
600 868 674 912 esse
708 841 885 932 Paulum:
938 858 1015 937 quia
1039 853 1175 931 Jesum,

161 987 192 1055 et
219 975 466 1049 resurrectionem
500 970 706 1047 annunciabat
740 972 782 1045 eis
811 957 862 1049 a).
926 960 1013 1032 Haec
1050 988 1180 1058 nempe

163 1100 236 1168 erat
261 1104 383 1170 eorum
412 1077 615 1179 theologia,
642 1100 714 1170 qua
736 1062 890 1175 humana
917 1077 1066 1166 divinis,
1096 1105 1181 1174 poe·

160 1216 274 1282 tarum
304 1194 430 1288 fabulis
458 1193 671 1279 miscebant,
708 1211 748 1265 ut
778 1194 823 1266 de
854 1193 1013 1267 Homero
1051 1195 1178 1269 Cicero

161 1317 313 1407 loquens
344 1337 417 1383 non
443 1313 554 1405 longo
582 1311 672 1381 adeo
699 1329 780 1381 ante
807 1309 990 1394 Christum
1019 1332 1178 1410 tempore

160 1448 408 1525 opportunum
428 1426 609 1523 pandebat
632 1425 861 1518 desiderium
889 1427 1087 1527 „Humana
1108 1431 1183 1503 Ho-

161 1573 280 1618 merus
303 1546 346 1616 ad
369 1546 456 1634 deos
478 1543 669 1632 transtulit,
697 1542 818 1634 divina
839 1547 979 1632 mallem
994 1547 1045 1616 ad
1067 1573 1143 1620 nos.
1158 1551 1178 1587 “

163 1662 219 1747 Sic
245 1663 374 1760 Paulus
402 1662 569 1757 Ignotum
597 1642 719 1751 Deum
746 1659 931 1748 annuntiat
957 1659 1181 1746 Atheniensi·

162 1781 253 1867 bus,
289 1779 351 1875 qui
377 1781 474 1851 cultu
498 1777 574 1851 veri
597 1776 670 1870 Dei
695 1776 880 1867 oblivione
906 1777 1014 1863 dato,
1049 1786 1181 1854 cultum

166 1899 336 1982 deorum,
353 1895 480 1967 fabulis
494 1915 679 1991 poetarum
696 1894 952 1985 celebratorum
966 1896 1046 1968 lunt
1061 1899 1179 1972 secuti.

166 2013 221 2096 Sic
259 2012 308 2105 D.
345 2011 492 2105 Petrus:
530 2011 650 2095 „Non
683 2012 797 2097 enim,
835 2011 899 2099 ait,
938 2012 1059 2098 doctas
1089 2013 1183 2086 fabu-

163 2131 214 2200 las
244 2127 376 2226 lecuti,
412 2144 532 2197 notam
564 2127 710 2219 fecimus
740 2127 846 2209 vobis
880 2127 1045 2216 Domini
1071 2130 1183 2202 nostri

164 2245 248 2332 lesu
272 2243 404 2335 Christi
422 2242 587 2337 virtutem
615 2262 649 2314 et
676 2225 919 2338 praesentiam,
944 2246 1004 2331 sed
1028 2246 1184 2341 specula·

165 2380 260 2438 tores
273 2360 354 2454 facti
371 2359 461 2452 illius
475 2351 725 2453 magnitudinis
735 2356 783 2448 b).
795 2363 817 2416 (ἲ
866 2352 932 2449 Est
948 2362 1018 2433 hoc
1036 2363 1182 2437 sublime

164 2476 202 2563 in
232 2476 430 2570 Evangelio
459 2475 616 2569 Christi:
657 2475 778 2548 divina
806 2477 993 2572 Evangelii
1024 2477 1182 2568 Christi,

112 2593 113 2596 ’
165 2591 278 2671 Verbi
297 2592 488 2682 incarnati,
516 2593 733 2680 oeconomia,
759 2592 982 2691 propositum
999 2594 1059 2668 hic
1079 2596 1184 2670 nobis

164 2695 484 2804 Qmmm,'

223 3060 491 3154 vannum
529 3062 635 3154 nar
675 3061 1126 3154 incarnatum.

163 3309 209 3405 Il.
239 3245 438 3409 Respicit
463 3313 573 3385 modo
598 3311 703 3398 citato
728 3319 810 3388 loco
833 3313 883 3385 D.
906 3313 1030 3388 Petrus
1051 3314 1185 3389 transli-

166 3431 391 3524 gurationem
414 3429 546 3521 Christi
570 3430 608 3501 in
629 3452 770 3520 monte,
799 3457 869 3528 qua
894 3458 975 3504 cum
1002 3459 1046 3506 eo
1072 3432 1187 3530 Moy·

165 3532 220 3617 ses
249 3567 282 3617 et
308 3547 403 3637 Elias
428 3549 508 3637 lunt
533 3562 597 3645 or'sz'
621 3562 654 3620 in
679 3562 841 3634 maiestate
867 3547 1098 3643 praesentibus
1124 3548 1188 3620 Pe·

164 3681 243 3748 tr0,
267 3662 401 3749 Jacobo
425 3685 459 3735 et
481 3665 617 3736 loanne
643 3662 697 3754 c),
724 3664 785 3760 qui
806 3663 937 3735 cacteris
961 3664 1186 3760 evangelistis

164 3779 342 3878 posterior
371 3782 607 3877 Evangelium
639 3780 865 3854 conscribens
882 3779 1052 3854 omnium
1082 3780 1186 3855 subli-

205 4009 486 4090 a)tlcr.XVII.18.
570 4017 600 4090 b)
618 4013 655 4072 tt
673 4012 784 4072 Petale
804 4016 846 4070 16.
931 4006 961 4089 e)
977 4015 1038 4077 Mt.
1062 4015 1117 4076 IX.
1141 4026 1184 4085 21.
