2460 4560
190 118 198 156 s

169 347 239 428 Ῑῖῐὸ

64 492 66 496 ’
165 487 317 587 quando
332 488 534 589 paucissimi
556 511 660 563 erunt
675 491 817 580 fideles,
831 505 874 565 'et
889 492 1099 588 gravissima
1116 495 1194 591 per·>

166 608 322 695 secutio,
349 634 389 680 ac
409 608 607 695 tribulatio,
629 608 742 704 qualis
760 634 942 705 nunquam
959 612 1045 696 luit;
1068 611 1190 686 Deum

165 742 284 796 tamen
309 720 490 820 nunquam
514 727 737 813 defuturum,
765 728 850 820 quin
874 724 979 799 saciat
996 727 1189 801 vindictam

165 843 360 913 electorum
382 841 543 929 suorum,
568 843 793 915 clamantium
816 843 922 914 adse
944 843 1002 915 die
1025 870 1067 917 ac
1086 866 1187 918 nocte

141 956 204 1028 .in
228 955 398 1052 pressuris
424 956 469 1030 ab
499 949 570 1032 hoc
600 960 756 1046 mund0,
786 959 849 1032 etsi
874 960 999 1049 tardus
1026 960 1066 1031 in
1093 963 1194 1034 ulcis·-

166 1073 289 1146 cendis
317 1099 440 1146 eorum
467 1075 601 1148 iniuriis
629 1101 703 1148 esse
728 1076 900 1149 videatur.
951 1077 1018 1150 Est
1043 1077 1117 1150 hoe
1133 1104 1189 1150 ar-

166 1209 374 1290 gumentum
402 1204 603 1284 Apocalypsis
632 1204 708 1274 ¹lesu
742 1204 876 1277 Christi,
912 1221 1008 1284 piram
1036 1204 1124 1266 dedit
1146 1205 1189 1264 illi

167 1319 252 1382 Deus
272 1319 383 1400 palam
399 1317 509 1397 fucere
520 1318 625 1397 servis
636 1319 708 1398 suis
729 1331 784 1382 etc.
813 1331 853 1383 ut
873 1309 1000 1404 incipit
1020 1311 1111 1382 liber
1135 1312 1186 1383 ille

165 1453 188 1499 a
220 1427 252 1501 S.
286 1425 423 1497 Joanne
457 1426 493 1496 in
526 1430 824 1522 complementum
859 1425 970 1499 veluti
1002 1427 1187 1523 Evangelii

162 1543 266 1639 regni
287 1542 457 1636 scriptus:
486 1543 546 1636 qui
572 1544 598 1614 si
626 1563 719 1619 recte
746 1541 958 1639 accipiatur,
984 1543 1188 1616 utilissimus

89 1687 96 1712 ·
166 1681 219 1733 est
240 1664 335 1732 lectu
362 1659 407 1728 ad
430 1660 710 1731 consolationem
734 1650 893 1733 fidelium
915 1659 952 1737 in
973 1661 1045 1733 suis
1068 1680 1106 1734 et
1127 1661 1187 1734 Ec·

165 1777 296 1865 elesius,
321 1801 399 1872 quae
419 1802 600 1872 nunquam
621 1778 786 1863 deerunt,
814 1775 1125 1864 tribulationibus,
1151 1803 1186 1850 ac

165 1915 335 1967 terrorem
362 1895 651 1989 persequentium
682 1893 928 1966 inimicorumz
956 1894 1044 1966 dum
1067 1895 1186 1970 identi-

164 2014 248 2092 dem
274 2013 368 2082 tubae
394 2011 565 2083 insonant
584 2013 630 2083 ad
651 2011 893 2083 denuntianda
909 2009 1080 2084 Ecclesiae
1105 2016 1194 2084 elec·-

162 2147 281 2200 torum
309 2130 401 2196 mala
434 2153 454 2196 a
487 2127 586 2210 malis
623 2129 834 2223 perferenda
865 2153 978 2223 usque
1007 2131 1052 2200 ad
1081 2130 1187 2202 finem

162 2244 288 2322 mundi
313 2270 378 2339 per
407 2245 541 2338 septem
569 2263 757 2339 tempora,
794 2245 880 2341 quin
905 2270 1051 2318 necesse
1083 2246 1125 2318 fit
1150 2270 1186 2316 ea

163 2359 335 2440 curiosius
363 2360 532 2456 indagare
562 2382 621 2433 aut
646 2389 710 2458 per
745 2383 857 2433 certas
886 2363 1043 2457 epochas
1075 2363 1185 2434 deter-

161 2479 319 2562 minare,
354 2478 414 2573 qui
448 2479 663 2576 septenarius
691 2480 729 2549 in
760 2479 983 2575 Apocalypsi
1015 2479 1186 2574 generalis

162 2616 216 2669 est
241 2621 407 2671 numerus
435 2595 472 2666 in
507 2597 654 2669 totidem
685 2598 830 2692 plagiss
857 2621 935 2691 quae
963 2621 1028 2692 per
1052 2597 1186 2693 septem

160 2715 265 2786 tubas
293 2713 562 2801 denuntiantur,
601 2715 769 2787 Ecclesiae
796 2717 1016 2801 electorum,
1059 2701 1187 2808 quibus

160 2831 309 2904 totidem
335 2829 437 2900 etiam
463 2834 684 2928 respondent
706 2832 832 2929 phialae
857 2830 916 2902 irae
940 2828 1015 2901 Dei
1037 2830 1076 2900 in
1102 2834 1188 2902 elec·

158 2967 279 3021 torum
302 2949 444 3018 suorum
465 2949 584 3021 hostes
611 2947 845 3020 effundendae.
888 2947 999 3039 Quae,
1025 2973 1072 3019 ne
1096 2950 1187 3020 scau·

48 3162 49 3166 Ἰ
159 3066 356 3152 dalizentur
379 3065 477 3135 malis
500 3066 556 3136 his
581 3065 704 3136 fideles
726 3063 851 3151 electi,¹
877 3063 1026 3161 perinde
1054 3088 1097 3136 ac
1119 3091 1188 3135 ma·

157 3187 276 3256 lorum
304 3180 482 3267 vindicta,
509 3182 678 3277 praedicta
702 3185 782 3256 suut
810 3179 873 3269 α);
911 3190 1103 3270 Impossibile
1125 3203 1187 3267 est,

158 3323 206 3376 ut.
228 3329 288 3371 non
320 3309 450 3373 veniant
470 3307 648 3386 scandala:
690 3313 744 3373 'Va
772 3321 876 3370 autem
901 3308 972 3382 isi,
1003 3326 1065 3388 per
1099 3327 1187 3392 quem

156 3431 295 3496 veniunt.
391 3426 502 3497 Utilius
532 3440 578 3488 ost
610 3428 657 3488 z'Hi
669 3475 678 3506 ,
716 3430 742 3489 si
774 3428 854 3506 lupis
884 3425 1010 3486 molaris
1049 3428 1188 3508 impona·

155 3556 210 3606 tur
242 3546 325 3604 circa
354 3541 462 3603 collum
492 3546 577 3622 eius,
619 3557 650 3606 et
671 3543 863 3625 proiiciarur
893 3545 927 3603 in
956 3559 1060 3618 mare,
1093 3558 1186 3624 quam

157 3673 194 3722 ut
206 3659 405 3738 scandalizet
441 3680 535 3722 unum
567 3662 604 3722 (st
622 3662 747 3741 pusillis
788 3661 858 3720 istis
874 3686 905 3734 ,··
920 3647 1184 3746 additurapud

142 3760 374 3852 'Matthaeum
411 3795 508 3863 ‚mox
556 3779 602 3840 Va
640 3779 752 3838 mundo
792 3794 812 3836 a
839 3774 1053 3853 scandulis,‘
1083 3763 1183 3861 quod

153 3908 209 3961 vae
247 3882 351 3959 toties
390 3884 429 3969 lu
464 3884 687 3984 Apocalypsi
727 3882 897 3984 repetitur
931 3901 1057 3958 contra
1103 3881 1180 3958 civi·

193 4031 225 4110 t)
245 4035 308 4097 au.
332 4032 429 4092 XVII.
454 4051 479 4103 r,
