2460 4560
426 358 657 373 ῃ

901 343 978 414 857

100 471 205 547 amici
217 469 414 568 gaudent,
452 489 557 566 atque
584 472 638 552 his
666 473 772 555 rebus
805 463 982 549 laetantur.
998 468 1113 534 ΟΜ

100 591 193 663 Non
219 615 304 684 ergo
327 614 364 660 se
386 583 527 660 honore
553 595 722 684 aequalem
759 589 870 681 dicit,
921 592 980 664 ab-.
998 587 1117 645 XXVH·

99 707 167 792 ait;
178 707 255 778 fed
278 725 317 777 ut
342 703 462 800 gaudii
486 704 538 787 sui
562 707 842 802 magnitudinem
867 709 981 795 decla
987 690 1132 766 W

99 843 176 913 ret,
215 811 321 929 atque
349 842 389 902 ut
418 849 454 905 se
486 849 609 904 eorum
634 823 827 903 infirmitati
857 840 982 909 artem·-

99 959 230 1039 peret,
274 939 425 1020 amicum
470 965 507 1012 se
552 940 646 1026 dicit.
731 943 979 1028 Ministeriu'tn

100 1059 237 1155 quippe
258 1055 513 1145 subindicavit,
538 1081 618 1129 cum
643 1055 753 1151 dixit,
777 1060 982 1141 semissum·

99 1174 208 1249 fuisse
244 1192 325 1254 ante
355 1173 464 1256 illum.
532 1173 671 1255 Idcirco
708 1176 823 1271 quod·
841 1172 983 1272 putaret

99 1289 181 1364 illos
201 1291 276 1372 hacc
298 1314 391 1391 aegre
415 1291 525 1376 ferre,
551 1317 588 1373 se
610 1292 762 1379 amicum
781 1293 917 1390 sponsi
927 1294 985 1367 di·

99 1408 148 1482 cit
169 1432 262 1494 esse,
290 1408 482 1489 ostendens
505 1432 542 1481 se
560 1435 635 1482 non
652 1411 767 1483 modo
787 1410 863 1496 noir
879 1421 984 1521 aegre

95 1527 212 1611 ferre,
247 1525 308 1608 sed
339 1523 532 1608 admodum
558 1530 782 1622 gaudere.
739 1529 762 1567 ‘⁶
825 1527 981 1624 Legatua

99 1642 133 1714 S.
160 1610 370 1731 Laurentius
398 1640 612 1724 iustinianus
642 1654 692 1714 de
712 1654 803 1714 casto
834 1654 982 1718 connubio·

93 1768 186 1842 ‚verbi
207 1780 238 1833 et
261 1771 377 1828 anima.
406 1755 496 1851 Cap.
522 1780 556 1847 9.
582 1757 630 1827 T.
656 1757 682 1828 I.
707 1782 809 1854 oper.
833 1784 870 1857 p.
898 1779 979 1862 192.

87 1893 167 1950 etc.
196 1873 263 1961 Ed,
285 1873 434 1959 Venetae
460 1873 533 1958 An.
565 1871 670 1978 1751.

176 2109 284 2196 Sunt,
309 2131 386 2205 quae
408 2132 480 2218 prae
503 2108 617 2190 oculis
633 2108 894 2196 habemusS.J
880 2135 979 2193 oam
982 2113 1084 2184 Sr⁰¹¹⁸²

99 2228 154 2301 nis
182 2225 408 2324 praecursoris
432 2219 599 2356 Domini
610 2227 745 2315 verba,
768 2228 887 2301 veluti
906 2231 1005 2360 cla·
985 2198 1084 2266 ΕΜ
1048 2197 1129 2268 ⁶⁸³¹*

1114 2329 1127 2360 ⁰
1160 2327 1162 2329 ,

100 2463 179 2551 nis,
206 2459 306 2546 cuius
280 2416 443 2558 prima
462 2423 578 2547 statim
590 2444 724 2533 verba:
756 2471 846 2538 Oscul
844 2484 911 2533 etur
932 2490 981 2534 me

100 2589 204 2652 osculo
230 2589 291 2661 oris
305 2586 383 2666 sui,
412 2576 696 2664 ardentissimum¹
720 2577 807 2660 illud
833 2577 982 2660 Patruur‘

98 2695 149 2768 V.
182 2695 231 2781 T.
265 2691 436 2780 ineffabili
464 2694 644 2789 'elegantia
678 2688 985 2806 'exprimunt-'vop

100 2834 200 2899 tum,
225 2831 264 2884 ut
284 2809 428 2892 tandem
449 2806 614 2896 Verbum
637 2809 724 2881 illud
748 2810 908 2895 divinum
934 2826 1026 2883 ex·-
1080 2825 1084 2834 '

101 2957 165 3002 ore
188 2902 309 3011 aeterni
328 2923 440 3013 Patris
463 2921 670 3031 procedens
685 2926 760 2997 sese
784 2951 847 3037 per
870 2924 982 3005 incar-

101 3045 286 3152 nationem
321 3043 358 3115 in
394 3042 547 3129 unione
561 3041 788 3156 hypostatica
818 3042 981 3126 humanae

99 3182 253 3242 naturae
250 3163 357 3247 -vejlut
374 3160 449 3241 oris
465 3162 613 3236 osculo,
603 3180 755 3271 iungat,
776 3144 984 3245 humanum·

101 3307 175 3376 que
215 3302 329 3373 genus,
366 3279 664 3371 complectaturr·
684 3295 737 3350 ut
772 3276 985 3370 loquebatur-

102 3398 189 3470 olim
220 3421 284 3504 per
312 3393 530 3490 patriarchas
556 3411 591 3464 et
616 3391 811 3500 propbetas
836 3396 985 3488 synagou.

102 3539 149 3610 ga
171 3512 208 3583 in
237 3509 397 3595 Ecclesia
380 3512 623 3620 rsponsau
587 3510 640 3588 fut
627 3529 704 3594 tura
727 3504 856 3603 sponsi
877 3502 990 3594 ubera

102 3650 254 3727 petens²
273 3637 459 3716 fragrantia
485 3640 645 3717 unguentis
671 3636 802 3716 optimis
817 3622 852 3693 in
854 3622 987 3708 Chris

56 3839 63 3842 ῃ
102 3771 143 3821 to
168 3765 282 3827 uncto
241 3743 484 3829 tDomini:
516 3744 561 3829 de
590 3769 670 3856 quo
691 3751 813 3827 oleum,
848 3741 988 3851 pergit,

103 3871 238 3950 effictum
260 3890 366 3943 nomen
387 3883 500 3945 tuum5
532 3852 613 3941 ideo
624 3867 847 3932 adolescentula
873 3869 996 3931 dilexea
1104 3864 1110 3873 ’

101 4004 178 4054 runt
200 4002 230 4053 te
251 3978 457 4076 pronubae
447 4005 485 4065 m
500 3978 555 4065 Y.
566 3977 616 4050 T.
615 3952 810 4091 sponsae
800 4003 838 4063 ru
857 3975 920 4061 Ν
931 3999 990 4061 aci
