2460 4560
178 323 249 376 110
312 369 316 375 .
572 289 802 364 ''¹¹¹⁸‘'

176 447 400 526 conclusioni
425 448 533 521 totius
554 445 723 518 sermonis
748 445 897 542 perinde
921 473 962 521 ac
986 448 1192 531 similitudini

175 569 222 640 de
248 567 417 640 fructibus
444 566 550 642 bonae
578 565 637 636 vel
664 566 763 635 malae
790 563 925 636 arboris
955 565 1109 641 innectit
1135 566 1190 670 ai:

173 675 472 771 „Bonus-homo·
500 680 677 778 debono
701 681 867 753 thesauro
894 683 1014 783 cordis
1044 685 1100 780 sui
1124 713 1205 783 pro.

169 803 239 874 fert
262 802 397 872 bonum
409 831 424 884 ;,
448 819 484 869 et
499 800 611 869 malus
633 798 747 869 homo
764 797 809 869 de
823 800 916 897 malo
935 799 1106 872 thesauro
1122 829 1206 898 pro,

55 962 61 973 -
170 919 240 992 fert
262 918 400 987 malum.
451 914 511 985 Ex
532 908 749 986 abundantia
770 914 864 986 enim
884 915 1010 1014 cordis
1028 909 1071 988 os
1091 918 1192 1017 loqui
1218 1017 1221 1020 Ι

173 1052 242 1106 tur.
295 1030 395 1124 Quid
416 1051 532 1103 autem
554 1031 687 1104 vocatis
704 1057 778 1117 me,
807 1027 990 1118 Domine,
1019 1021 1196 1121 Domine,

170 1170 207 1222 et
229 1174 303 1219 non
327 1149 461 1234 facitis,
496 1145 713 1242 qnaedico?
757 1147 912 1235 Omnis,
949 1148 1011 1244 qui
1033 1151 1227 1234 νεοὶῑεὰ,

164 1282 249 1352 me,
278 1285 314 1342 et
336 1265 435 1339 audit
456 1265 634 1336 sermones
661 1290 782 1352 meos,
803 1266 948 1366 ,etfacit
968 1291 1055 1339 eos:
1085 1287 1191 1369 osten

171 1384 279 1469 dam,
307 1384 364 1457 cui
390 1378 506 1454 fimilis
538 1381 579 1451 fit
605 1382 705 1451 etc.“
765 1381 893 1476 Sicque
921 1381 1069 1457 mirifice
1101 1384 1191 1485 dictis

168 1501 385 1586 concordat,
413 1497 675 1596 respondetque
697 1497 846 1569 omnino
865 1499 1052 1573 conclusio
1070 1502 1190 1573 sermo·

168 1617 224 1690 nis
246 1617 469 1689 fimilitudine
497 1611 542 1686 de
567 1613 646 1686 viro
672 1613 846 1712 sapiente,
872 1618 930 1686 vel
958 1614 1066 1690 stulto
1090 1617 1188 1718 aedifi3

166 1753 270 1807 cante
294 1736 397 1832 super
418 1753 552 1830 petram
572 1734 631 1823 vel
653 1757 813 1817 arenam,
841 1757 912 1827 qua
934 1733 1023 1806 nihil
1047 1761 1190 1832 congru·

104 1915 105 1923 ,
169 1851 285 1945 entius
318 1877 393 1922 esse
427 1849 540 1946 possit
562 1844 627 1938 ὣς
667 1847 827 1934 „Omnis
861 1874 967 1944 ergo,
1004 1851 1070 1946 qui
1101 1851 1190 1949 audit

168 1949 281 2040 verba
307 1994 385 2038 mea
407 1967 501 2052 hacc,
531 1985 567 2036 et
585 1964 668 2036 facit
691 1990 749 2050 ea,
777 1964 1025 2065 assimilabitur
1050 1969 1131 2043 viro
1151 1971 1168 2042 s
1180 2011 1201 2061 ς

50 2125 51 2129 =
165 2082 300 2179 pienti,
327 2083 389 2178 qui
416 2081 605 2172 aedificavit
630 2081 777 2153 domum
797 2082 893 2160 suam
916 2081 1025 2181 supra
1046 2106 1186 2183 petram,

165 2218 203 2270 et
224 2197 409 2271 descendit
438 2198 580 2295 pluvia,
610 2215 645 2267 et
669 2218 845 2270 venerunt
866 2197 1037 2290 flumina,
1073 2224 1111 2277 et
1133 2203 1187 2276 fla·

129 2348 131 2355 ’
164 2335 295 2388 verunt
316 2315 432 2402 venti,
459 2334 494 2386 et
510 2313 686 2384 irruerunt
699 2313 738 2384 'in
759 2315 906 2388 domum
921 2317 1037 2404 illam,
1061 2339 1097 2414 et
1119 2347 1187 2417 non

164 2431 308 2506 cecidit:
335 2432 482 2527 fundata
497 2428 590 2500 enim
611 2449 684 2533 erat
698 2433 802 2528 super
820 2454 967 2528 petram.
994 2435 1044 2508 Et
1056 2438 1182 2523 omnis,

162 2547 226 2645 qui
250 2547 347 2621 audit
371 2547 481 2620 verba
502 2574 581 2621 mea
599 2549 694 2634 haec,
720 2569 755 2620 et
782 2577 857 2622 non
884 2550 966 2622 facit
988 2577 1047 2641 ea,
1076 2553 1186 2627 similis

165 2665 231 2738 erit
250 2665 332 2739 viro
359 2666 481 2755 stulto,
510 2667 571 2764 qui
592 2665 779 2738 aedificavit
799 2668 944 2740 domum
966 2670 1064 2741 suam
1089 2674 1187 2769 super

163 2805 329 2859 arenam:
353 2803 387 2860 et
408 2785 591 2864 descendit
611 2783 752 2882 pluvia,
775 2803 809 2858 et
830 2805 1007 2861 venerunt
1028 2787 1185 2874 flumina,

164 2924 201 2976 et
218 2903 398 2977 flaverunt
411 2903 529 2990 venti,
554 2922 589 2973 et
605 2903 781 2976 irruerunt
795 2904 830 2975 in
850 2900 997 2977 domum
1014 2905 1135 2991 illam,
1146 2925 1186 2999 xet

164 3020 311 3106 cecidit,
335 3020 448 3092 etfuit
461 3019 561 3091 ruina
578 3017 667 3090 illius
686 3023 857 3116 magna.“
890 3019 981 3109 Ubi,
1000 3023 1184 3119 quodiam

161 3136 232 3210 alio
260 3140 425 3233 exemplo
455 3134 597 3220 notavi,
636 3135 724 3208 mira
745 3137 886 3233 energia
907 3138 981 3214 sese
999 3139 1184 3234 synonima

157 3253 323 3350 repetitio
346 3251 593 3349 oppositorum
616 3251 849 3326 srmilitudinis
873 3254 1186 3354 membrorumat·

158 3388 261 3444 tento
288 3368 407 3443 animo
429 3367 601 3458 insinuat,
629 3389 670 3444 ut
692 3370 859 3446 tenaciter
887 3370 1067 3446 inhrereat.

234 3599 362 3677 Subdit
383 3604 614 3705 Evangelista
636 3603 695 3698 c):
724 3616 767 3678 Et
778 3615 907 3694 factum
929 3628 997 3694 est,
1025 3635 1095 3680 cum
1120 3636 1182 3681 con·

156 3742 339 3795 summasset
366 3733 458 3803 ,Iesus
482 3735 578 3796 verbo
602 3735 661 3809 liat
674 3733 958 3812 ,admirabantur
985 3735 1182 3815 tartha-super

150 3849 299 3925 ,doctrina
326 3851 401 3912 eius.
470 3850 550 3912 Erat
576 3853 655 3912 enim
685 3850 792 3912 docens
823 3871 873 3914 eos
894 3847 978 3927 ficut
991 3859 1181 3932 'potestatem

183 3985 312 4065 ὀμνια
339 3990 530 4062 V1.45.tte.
604 3988 959 4076 h)tilatth3V11.24.ete.
983 3964 991 3998 Ἰ
1037 3990 1067 4068 c)
1083 3989 1122 4065 Iit.
1141 3997 1179 4052 28·

61 4214 233 4292 ι’·
