<?xml version="1.0" encoding="UTF-8"?>
<!DOCTYPE html PUBLIC "-//W3C//DTD XHTML 1.0 Transitional//EN"
    "http://www.w3.org/TR/xhtml1/DTD/xhtml1-transitional.dtd">
<html xmlns="http://www.w3.org/1999/xhtml" xml:lang="en" lang="en">
 <head>
  <title>
</title>
<meta http-equiv="Content-Type" content="text/html;charset=utf-8" />
  <meta name='ocr-system' content='tesseract 3.04.00' />
  <meta name='ocr-capabilities' content='ocr_page ocr_carea ocr_par ocr_line ocrx_word'/>
</head>
<body>
  <div class='ocr_page' id='page_1' title='image "./desublimiinevan01gerbgoog_0363.png"; bbox 0 0 2460 4560; ppageno 0'>
   <div class='ocr_carea' id='block_1_1' title="bbox 300 269 903 406">
    <p class='ocr_par' dir='ltr' id='par_1_1' title="bbox 300 269 903 406">
     <span class='ocr_line' id='line_1_1' title="bbox 300 269 903 406; baseline -0.002 0"><span class='ocrx_word' id='word_1_1' title='bbox 300 322 371 406; x_wconf 77' lang='lat'>338</span> <span class='ocrx_word' id='word_1_2' title='bbox 618 304 852 363; x_wconf 57' lang='lat'>&#39;²¹³²</span> <span class='ocrx_word' id='word_1_3' title='bbox 900 269 903 279; x_wconf 25' lang='grc' dir='ltr'>Ι</span> 
     </span>
    </p>
   </div>
   <div class='ocr_carea' id='block_1_2' title="bbox 63 452 1218 1358">
    <p class='ocr_par' dir='ltr' id='par_1_2' title="bbox 63 452 1218 1358">
     <span class='ocr_line' id='line_1_2' title="bbox 156 452 1172 559; baseline 0.004 -33"><span class='ocrx_word' id='word_1_4' title='bbox 156 462 270 526; x_wconf 77' lang='lat' dir='ltr'>error</span> <span class='ocrx_word' id='word_1_5' title='bbox 302 463 402 539; x_wconf 90' lang='lat' dir='ltr'>omni</span> <span class='ocrx_word' id='word_1_6' title='bbox 429 489 474 538; x_wconf 89' lang='lat' dir='ltr'>ex</span> <span class='ocrx_word' id='word_1_7' title='bbox 503 476 604 559; x_wconf 87' lang='lat' dir='ltr'>parte</span> <span class='ocrx_word' id='word_1_8' title='bbox 633 457 783 530; x_wconf 86' lang='lat' dir='ltr'>mentita</span> <span class='ocrx_word' id='word_1_9' title='bbox 809 474 861 530; x_wconf 87' lang='lat' dir='ltr'>est</span> <span class='ocrx_word' id='word_1_10' title='bbox 889 452 1064 553; x_wconf 80' lang='lat' dir='ltr'>iniquitas</span> <span class='ocrx_word' id='word_1_11' title='bbox 1092 456 1172 532; x_wconf 82' lang='lat' dir='ltr'>fibi:</span> 
     </span>
     <span class='ocr_line' id='line_1_3' title="bbox 155 573 1177 671; baseline -0.007 -14"><span class='ocrx_word' id='word_1_12' title='bbox 155 582 263 639; x_wconf 70' lang='grc' dir='ltr'>ΧΧΗῙ·</span> <span class='ocrx_word' id='word_1_13' title='bbox 303 585 387 657; x_wconf 93' lang='lat' dir='ltr'>dum</span> <span class='ocrx_word' id='word_1_14' title='bbox 412 600 449 654; x_wconf 85' lang='lat' dir='ltr'>et</span> <span class='ocrx_word' id='word_1_15' title='bbox 475 577 642 652; x_wconf 89' lang='lat' dir='ltr'>custodes</span> <span class='ocrx_word' id='word_1_16' title='bbox 665 574 791 671; x_wconf 85' lang='lat' dir='ltr'>vigiles</span> <span class='ocrx_word' id='word_1_17' title='bbox 818 600 856 647; x_wconf 90' lang='lat' dir='ltr'>se</span> <span class='ocrx_word' id='word_1_18' title='bbox 883 573 1065 648; x_wconf 89' lang='lat' dir='ltr'>dormisse</span> <span class='ocrx_word' id='word_1_19' title='bbox 1089 603 1177 650; x_wconf 85' lang='lat' dir='ltr'>men·</span> 
     </span>
     <span class='ocr_line' id='line_1_4' title="bbox 63 690 1177 799; baseline -0.005 -26"><span class='ocrx_word' id='word_1_20' title='bbox 63 764 66 781; x_wconf 89' lang='grc'>,</span> <span class='ocrx_word' id='word_1_21' title='bbox 146 697 455 783; x_wconf 34' lang='lat' dir='ltr'>&amp;duorum</span> <span class='ocrx_word' id='word_1_22' title='bbox 488 716 523 769; x_wconf 93' lang='lat' dir='ltr'>et</span> <span class='ocrx_word' id='word_1_23' title='bbox 546 692 672 766; x_wconf 87' lang='lat' dir='ltr'>clausis</span> <span class='ocrx_word' id='word_1_24' title='bbox 698 690 812 765; x_wconf 90' lang='lat' dir='ltr'>oculis</span> <span class='ocrx_word' id='word_1_25' title='bbox 842 691 1068 799; x_wconf 87' lang='lat' dir='ltr'>dormientes</span> <span class='ocrx_word' id='word_1_26' title='bbox 1093 692 1177 767; x_wconf 83' lang='lat' dir='ltr'>testi·</span> 
     </span>
     <span class='ocr_line' id='line_1_5' title="bbox 300 809 1218 907; baseline -0.005 -17"><span class='ocrx_word' id='word_1_27' title='bbox 300 816 462 890; x_wconf 91' lang='lat' dir='ltr'>monium</span> <span class='ocrx_word' id='word_1_28' title='bbox 489 814 596 900; x_wconf 87' lang='lat' dir='ltr'>dant,</span> <span class='ocrx_word' id='word_1_29' title='bbox 621 809 752 885; x_wconf 84' lang='lat' dir='ltr'>vidisse</span> <span class='ocrx_word' id='word_1_30' title='bbox 779 822 817 881; x_wconf 80' lang='lat' dir='ltr'>s&#39;e</span> <span class='ocrx_word' id='word_1_31' title='bbox 846 809 1049 907; x_wconf 87' lang='lat' dir='ltr'>discipulos</span> <span class='ocrx_word' id='word_1_32' title='bbox 1078 828 1177 885; x_wconf 84' lang='lat' dir='ltr'>nocte</span> <span class='ocrx_word' id='word_1_33' title='bbox 1215 828 1218 873; x_wconf 69' lang='lat' dir='ltr'>t</span> 
     </span>
     <span class='ocr_line' id='line_1_6' title="bbox 300 914 1218 1026; baseline -0.005 -18"><span class='ocrx_word' id='word_1_34' title='bbox 300 931 483 1008; x_wconf 90' lang='lat' dir='ltr'>venientes</span> <span class='ocrx_word' id='word_1_35' title='bbox 506 949 541 1003; x_wconf 88' lang='lat' dir='ltr'>et</span> <span class='ocrx_word' id='word_1_36' title='bbox 560 930 716 1017; x_wconf 74' lang='lat' dir='ltr'>cadaver·</span> <span class='ocrx_word' id='word_1_37' title='bbox 733 927 919 1000; x_wconf 72' lang='lat' dir='ltr'>furantes:v</span> <span class='ocrx_word' id='word_1_38' title='bbox 949 945 986 999; x_wconf 94' lang='lat' dir='ltr'>et</span> <span class='ocrx_word' id='word_1_39' title='bbox 1004 926 1177 1026; x_wconf 80' lang='lat' dir='ltr'>principes</span> <span class='ocrx_word' id='word_1_40' title='bbox 1216 914 1218 965; x_wconf 46' lang='grc' dir='ltr'>ἶ</span> 
     </span>
     <span class='ocr_line' id='line_1_7' title="bbox 248 1038 1175 1142; baseline -0.004 -19"><span class='ocrx_word' id='word_1_41' title='bbox 248 1048 254 1060; x_wconf 80' lang='grc'><em>’</em></span> <span class='ocrx_word' id='word_1_42' title='bbox 300 1047 525 1123; x_wconf 79' lang='lat' dir='ltr'>sacerdotum</span> <span class='ocrx_word' id='word_1_43' title='bbox 547 1071 627 1119; x_wconf 90' lang='lat' dir='ltr'>cum</span> <span class='ocrx_word' id='word_1_44' title='bbox 646 1038 843 1116; x_wconf 84' lang='lat' dir='ltr'>senioribus</span> <span class='ocrx_word' id='word_1_45' title='bbox 863 1044 1006 1142; x_wconf 83' lang='lat' dir='ltr'>praesidi</span> <span class='ocrx_word' id='word_1_46' title='bbox 1025 1047 1175 1134; x_wconf 79' lang='lat' dir='ltr'>suadent,</span> 
     </span>
     <span class='ocr_line' id='line_1_8' title="bbox 299 1160 1173 1262; baseline 0 -22"><span class='ocrx_word' id='word_1_47' title='bbox 299 1170 513 1262; x_wconf 80' lang='lat' dir='ltr'>securosque</span> <span class='ocrx_word' id='word_1_48' title='bbox 533 1165 667 1237; x_wconf 81' lang='lat' dir='ltr'>faciunt</span> <span class='ocrx_word' id='word_1_49' title='bbox 683 1161 850 1235; x_wconf 78' lang='lat' dir='ltr'>custodes</span> <span class='ocrx_word' id='word_1_50' title='bbox 872 1160 911 1233; x_wconf 91' lang='lat' dir='ltr'>in</span> <span class='ocrx_word' id='word_1_51' title='bbox 929 1164 1072 1240; x_wconf 85' lang='lat' dir='ltr'>collum</span> <span class='ocrx_word' id='word_1_52' title='bbox 1087 1165 1173 1239; x_wconf 78' lang='lat' dir='ltr'>suum</span> 
     </span>
     <span class='ocr_line' id='line_1_9' title="bbox 298 1283 519 1358; baseline -0.023 -1"><span class='ocrx_word' id='word_1_53' title='bbox 298 1283 519 1358; x_wconf 81' lang='lat' dir='ltr'>mentientes.</span> 
     </span>
    </p>
   </div>
   <div class='ocr_carea' id='block_1_3' title="bbox 297 1504 1178 2316">
    <p class='ocr_par' dir='ltr' id='par_1_3' title="bbox 297 1504 1178 2316">
     <span class='ocr_line' id='line_1_10' title="bbox 374 1504 1175 1610; baseline -0.001 -22"><span class='ocrx_word' id='word_1_54' title='bbox 374 1507 558 1590; x_wconf 84' lang='lat' dir='ltr'>Habemus</span> <span class='ocrx_word' id='word_1_55' title='bbox 581 1513 640 1586; x_wconf 91' lang='lat' dir='ltr'>hic</span> <span class='ocrx_word' id='word_1_56' title='bbox 667 1504 769 1610; x_wconf 94' lang='lat' dir='ltr'>quod</span> <span class='ocrx_word' id='word_1_57' title='bbox 794 1510 832 1585; x_wconf 91' lang='lat' dir='ltr'>in</span> <span class='ocrx_word' id='word_1_58' title='bbox 855 1510 1035 1610; x_wconf 87' lang='lat' dir='ltr'>parabola</span> <span class='ocrx_word' id='word_1_59' title='bbox 1058 1513 1104 1589; x_wconf 87' lang='lat' dir='ltr'>de</span> <span class='ocrx_word' id='word_1_60' title='bbox 1120 1512 1175 1588; x_wconf 77' lang='lat' dir='ltr'>La·</span> 
     </span>
     <span class='ocr_line' id='line_1_11' title="bbox 299 1629 1176 1728; baseline -0.002 -21"><span class='ocrx_word' id='word_1_61' title='bbox 299 1660 382 1707; x_wconf 89' lang='lat' dir='ltr'>zaro</span> <span class='ocrx_word' id='word_1_62' title='bbox 405 1629 443 1724; x_wconf 86' lang='lat' dir='ltr'>a)</span> <span class='ocrx_word' id='word_1_63' title='bbox 470 1631 654 1720; x_wconf 85' lang='lat' dir='ltr'>Abraham</span> <span class='ocrx_word' id='word_1_64' title='bbox 682 1629 783 1703; x_wconf 90' lang='lat' dir='ltr'>diviti</span> <span class='ocrx_word' id='word_1_65' title='bbox 809 1631 957 1728; x_wconf 89' lang='lat' dir='ltr'>epuloni</span> <span class='ocrx_word' id='word_1_66' title='bbox 979 1631 1053 1704; x_wconf 89' lang='lat' dir='ltr'>iam</span> <span class='ocrx_word' id='word_1_67' title='bbox 1076 1632 1115 1705; x_wconf 90' lang='lat' dir='ltr'>in</span> <span class='ocrx_word' id='word_1_68' title='bbox 1134 1632 1176 1704; x_wconf 89' lang='lat' dir='ltr'>in·</span> 
     </span>
     <span class='ocr_line' id='line_1_12' title="bbox 298 1746 1174 1849; baseline -0.005 -25"><span class='ocrx_word' id='word_1_69' title='bbox 298 1752 400 1824; x_wconf 83' lang='lat' dir='ltr'>¹ferno</span> <span class='ocrx_word' id='word_1_70' title='bbox 419 1753 557 1849; x_wconf 82' lang='lat' dir='ltr'>sepulto</span> <span class='ocrx_word' id='word_1_71' title='bbox 576 1746 779 1843; x_wconf 77' lang='lat' dir='ltr'>respondit,</span> <span class='ocrx_word' id='word_1_72' title='bbox 804 1767 886 1820; x_wconf 90' lang='lat' dir='ltr'>cum</span> <span class='ocrx_word' id='word_1_73' title='bbox 908 1747 937 1820; x_wconf 89' lang='lat' dir='ltr'>is</span> <span class='ocrx_word' id='word_1_74' title='bbox 960 1767 1125 1846; x_wconf 82' lang='lat' dir='ltr'>rogaret,</span> <span class='ocrx_word' id='word_1_75' title='bbox 1140 1767 1174 1821; x_wconf 89' lang='lat' dir='ltr'>ut</span> 
     </span>
     <span class='ocr_line' id='line_1_13' title="bbox 300 1863 1176 1964; baseline -0.003 -24"><span class='ocrx_word' id='word_1_76' title='bbox 300 1869 454 1964; x_wconf 84' lang='lat' dir='ltr'>aliquem</span> <span class='ocrx_word' id='word_1_77' title='bbox 492 1893 537 1939; x_wconf 89' lang='lat' dir='ltr'>ex</span> <span class='ocrx_word' id='word_1_78' title='bbox 573 1863 723 1937; x_wconf 88' lang='lat' dir='ltr'>mortuis</span> <span class='ocrx_word' id='word_1_79' title='bbox 759 1863 915 1939; x_wconf 87' lang='lat' dir='ltr'>mitteret</span> <span class='ocrx_word' id='word_1_80' title='bbox 954 1864 992 1938; x_wconf 92' lang='lat' dir='ltr'>in</span> <span class='ocrx_word' id='word_1_81' title='bbox 1036 1868 1176 1957; x_wconf 57' lang='lat' dir='ltr'>domum</span> 
     </span>
     <span class='ocr_line' id='line_1_14' title="bbox 299 1974 1177 2082; baseline -0.001 -26"><span class='ocrx_word' id='word_1_82' title='bbox 299 1986 407 2082; x_wconf 87' lang='lat' dir='ltr'>patris</span> <span class='ocrx_word' id='word_1_83' title='bbox 442 1974 523 2070; x_wconf 75' lang='lat' dir='ltr'>fui,</span> <span class='ocrx_word' id='word_1_84' title='bbox 563 2001 603 2053; x_wconf 92' lang='lat' dir='ltr'>ut</span> <span class='ocrx_word' id='word_1_85' title='bbox 638 1989 785 2054; x_wconf 77' lang='lat' dir='ltr'>testetur¹</span> <span class='ocrx_word' id='word_1_86' title='bbox 818 1981 978 2079; x_wconf 89' lang='lat' dir='ltr'>quinque</span> <span class='ocrx_word' id='word_1_87' title='bbox 1016 1983 1177 2057; x_wconf 84' lang='lat' dir='ltr'>fratribus</span> 
     </span>
     <span class='ocr_line' id='line_1_15' title="bbox 297 2096 1178 2197; baseline 0.002 -24"><span class='ocrx_word' id='word_1_88' title='bbox 297 2100 391 2187; x_wconf 86' lang='lat' dir='ltr'>suis,</span> <span class='ocrx_word' id='word_1_89' title='bbox 427 2127 472 2171; x_wconf 91' lang='lat' dir='ltr'>ne</span> <span class='ocrx_word' id='word_1_90' title='bbox 503 2109 538 2172; x_wconf 82' lang='lat' dir='ltr'>et</span> <span class='ocrx_word' id='word_1_91' title='bbox 571 2096 641 2197; x_wconf 90' lang='lat' dir='ltr'>ipsi</span> <span class='ocrx_word' id='word_1_92' title='bbox 671 2098 837 2171; x_wconf 89' lang='lat' dir='ltr'>venirent</span> <span class='ocrx_word' id='word_1_93' title='bbox 864 2098 902 2170; x_wconf 92' lang='lat' dir='ltr'>in</span> <span class='ocrx_word' id='word_1_94' title='bbox 931 2099 1032 2172; x_wconf 89' lang='lat' dir='ltr'>hunc</span> <span class='ocrx_word' id='word_1_95' title='bbox 1063 2105 1178 2175; x_wconf 90' lang='lat' dir='ltr'>locum</span> 
     </span>
     <span class='ocr_line' id='line_1_16' title="bbox 299 2215 1177 2316; baseline -0.001 -26"><span class='ocrx_word' id='word_1_96' title='bbox 299 2236 580 2302; x_wconf 84' lang='lat' dir='ltr'>tormentorum,</span> <span class='ocrx_word' id='word_1_97' title='bbox 607 2215 853 2312; x_wconf 83' lang='lat' dir='ltr'>poenitentiam</span> <span class='ocrx_word' id='word_1_98' title='bbox 878 2215 1014 2304; x_wconf 90' lang='lat' dir='ltr'>acturi,</span> <span class='ocrx_word' id='word_1_99' title='bbox 1046 2217 1075 2291; x_wconf 87' lang='lat' dir='ltr'>si</span> <span class='ocrx_word' id='word_1_100' title='bbox 1105 2217 1177 2316; x_wconf 81' lang='lat' dir='ltr'>quis</span> 
     </span>
    </p>
   </div>
   <div class='ocr_carea' id='block_1_4' title="bbox 217 2330 1185 4089">
    <p class='ocr_par' dir='ltr' id='par_1_4' title="bbox 217 2330 1185 4089">
     <span class='ocr_line' id='line_1_17' title="bbox 300 2330 1178 2408; baseline -0.002 -2"><span class='ocrx_word' id='word_1_101' title='bbox 300 2361 345 2406; x_wconf 87' lang='lat' dir='ltr'>ex</span> <span class='ocrx_word' id='word_1_102' title='bbox 368 2334 523 2406; x_wconf 83' lang='lat' dir='ltr'>mortuis</span> <span class='ocrx_word' id='word_1_103' title='bbox 557 2330 635 2405; x_wconf 91' lang='lat' dir='ltr'>ierit</span> <span class='ocrx_word' id='word_1_104' title='bbox 668 2332 713 2404; x_wconf 89' lang='lat' dir='ltr'>ad</span> <span class='ocrx_word' id='word_1_105' title='bbox 751 2357 822 2404; x_wconf 89' lang='lat' dir='ltr'>eos.-</span> <span class='ocrx_word' id='word_1_106' title='bbox 885 2345 944 2406; x_wconf 86' lang='lat' dir='ltr'>Ait</span> <span class='ocrx_word' id='word_1_107' title='bbox 975 2356 1085 2408; x_wconf 83' lang='lat' dir='ltr'>autem</span> <span class='ocrx_word' id='word_1_108' title='bbox 1110 2346 1178 2407; x_wconf 73' lang='lat' dir='ltr'>iti:</span> 
     </span>
     <span class='ocr_line' id='line_1_18' title="bbox 265 2459 1179 2546; baseline -0.001 -21"><span class='ocrx_word' id='word_1_109' title='bbox 265 2497 269 2508; x_wconf 88' lang='lat'><em>·</em></span> <span class='ocrx_word' id='word_1_110' title='bbox 297 2462 331 2525; x_wconf 81' lang='lat' dir='ltr'>Si</span> <span class='ocrx_word' id='word_1_111' title='bbox 357 2459 487 2543; x_wconf 70' lang='lat' dir='ltr'>Moysen·</span> <span class='ocrx_word' id='word_1_112' title='bbox 516 2473 546 2526; x_wconf 80' lang='lat' dir='ltr'>rt</span> <span class='ocrx_word' id='word_1_113' title='bbox 564 2461 736 2541; x_wconf 70' lang='lat' dir='ltr'>proprietas·</span> <span class='ocrx_word' id='word_1_114' title='bbox 761 2477 820 2521; x_wconf 83' lang='lat' dir='ltr'>uon</span> <span class='ocrx_word' id='word_1_115' title='bbox 842 2462 997 2536; x_wconf 70' lang='lat' dir='ltr'>audituri,-</span> <span class='ocrx_word' id='word_1_116' title='bbox 1033 2461 1179 2546; x_wconf 82' lang='lat' dir='ltr'>nequeri</span> 
     </span>
     <span class='ocr_line' id='line_1_19' title="bbox 297 2547 1178 2663; baseline 0.003 -25"><span class='ocrx_word' id='word_1_117' title='bbox 297 2547 367 2663; x_wconf 74' lang='lat' dir='ltr'>quis</span> <span class='ocrx_word' id='word_1_118' title='bbox 393 2568 581 2641; x_wconf 69' lang='lat' dir='ltr'>ramerius</span> <span class='ocrx_word' id='word_1_119' title='bbox 600 2579 822 2657; x_wconf 84' lang='lat' dir='ltr'>resurrexerit,</span> <span class='ocrx_word' id='word_1_120' title='bbox 845 2579 975 2641; x_wconf 83' lang='lat' dir='ltr'>credent.</span> <span class='ocrx_word' id='word_1_121' title='bbox 1028 2569 1062 2641; x_wconf 92' lang='lat' dir='ltr'>S.</span> <span class='ocrx_word' id='word_1_122' title='bbox 1082 2570 1178 2644; x_wconf 82' lang='lat' dir='ltr'>Joan·</span> 
     </span>
     <span class='ocr_line' id='line_1_20' title="bbox 217 2683 1178 2777; baseline 0.001 -19"><span class='ocrx_word' id='word_1_123' title='bbox 217 2720 230 2734; x_wconf 63' lang='lat'><em>=</em></span> <span class='ocrx_word' id='word_1_124' title='bbox 297 2714 360 2758; x_wconf 92' lang='lat' dir='ltr'>nes</span> <span class='ocrx_word' id='word_1_125' title='bbox 386 2683 423 2777; x_wconf 85' lang='lat' dir='ltr'>b)</span> <span class='ocrx_word' id='word_1_126' title='bbox 448 2711 536 2758; x_wconf 92' lang='lat' dir='ltr'>vero</span> <span class='ocrx_word' id='word_1_127' title='bbox 566 2710 647 2757; x_wconf 91' lang='lat' dir='ltr'>cum</span> <span class='ocrx_word' id='word_1_128' title='bbox 677 2700 906 2758; x_wconf 83' lang='lat' dir='ltr'>memorasset</span> <span class='ocrx_word' id='word_1_129' title='bbox 936 2686 1178 2765; x_wconf 87' lang='lat' dir='ltr'>testimonium</span> 
     </span>
     <span class='ocr_line' id='line_1_21' title="bbox 298 2801 1178 2900; baseline 0.007 -26"><span class='ocrx_word' id='word_1_130' title='bbox 298 2803 520 2900; x_wconf 87' lang='lat' dir='ltr'>perhibuisse</span> <span class='ocrx_word' id='word_1_131' title='bbox 559 2801 725 2890; x_wconf 69' lang='lat' dir='ltr'>turbam5</span> <span class='ocrx_word' id='word_1_132' title='bbox 770 2817 849 2899; x_wconf 74' lang='lat' dir='ltr'>quae·</span> <span class='ocrx_word' id='word_1_133' title='bbox 883 2822 956 2876; x_wconf 89' lang='lat' dir='ltr'>erat</span> <span class='ocrx_word' id='word_1_134' title='bbox 990 2829 1077 2878; x_wconf 93' lang='lat' dir='ltr'>cum</span> <span class='ocrx_word' id='word_1_135' title='bbox 1112 2831 1178 2893; x_wconf 89' lang='lat' dir='ltr'>eo,</span> 
     </span>
     <span class='ocr_line' id='line_1_22' title="bbox 296 2920 1179 3017; baseline 0 -24"><span class='ocrx_word' id='word_1_136' title='bbox 296 2921 442 3017; x_wconf 91' lang='lat' dir='ltr'>quando</span> <span class='ocrx_word' id='word_1_137' title='bbox 482 2921 654 2992; x_wconf 78' lang='lat' dir='ltr'>Lazarum</span> <span class='ocrx_word' id='word_1_138' title='bbox 698 2920 845 2994; x_wconf 80' lang='lat' dir='ltr'>vocavit</span> <span class='ocrx_word' id='word_1_139' title='bbox 883 2921 929 2992; x_wconf 79' lang='lat' dir='ltr'>de&#39;·</span> <span class='ocrx_word' id='word_1_140' title='bbox 969 2934 1179 2995; x_wconf 89' lang='lat' dir='ltr'>monumen·</span> 
     </span>
     <span class='ocr_line' id='line_1_23' title="bbox 296 3024 1178 3127; baseline 0.003 -17"><span class='ocrx_word' id='word_1_141' title='bbox 296 3054 358 3124; x_wconf 70' lang='grc' dir='ltr'>ιο,</span> <span class='ocrx_word' id='word_1_142' title='bbox 395 3024 437 3110; x_wconf 55' lang='grc' dir='ltr'>ἐἰ</span> <span class='ocrx_word' id='word_1_143' title='bbox 472 3026 650 3110; x_wconf 78' lang='lat' dir='ltr'>suscitavit</span> <span class='ocrx_word' id='word_1_144' title='bbox 681 3054 762 3110; x_wconf 76' lang='lat' dir='ltr'>&#39;eum&#39;</span> <span class='ocrx_word' id='word_1_145' title='bbox 793 3062 813 3109; x_wconf 88' lang='lat' dir='ltr'>a</span> <span class='ocrx_word' id='word_1_146' title='bbox 848 3037 1014 3126; x_wconf 83' lang='lat' dir='ltr'>mortuis,</span> <span class='ocrx_word' id='word_1_147' title='bbox 1055 3039 1178 3127; x_wconf 85' lang='lat' dir='ltr'>addit,</span> 
     </span>
     <span class='ocr_line' id='line_1_24' title="bbox 295 3151 1179 3251; baseline 0.007 -26"><span class='ocrx_word' id='word_1_148' title='bbox 295 3173 484 3251; x_wconf 86' lang='lat' dir='ltr'>propterea</span> <span class='ocrx_word' id='word_1_149' title='bbox 520 3171 555 3225; x_wconf 91' lang='lat' dir='ltr'>et</span> <span class='ocrx_word' id='word_1_150' title='bbox 589 3151 733 3226; x_wconf 87' lang='lat' dir='ltr'>obviam</span> <span class='ocrx_word' id='word_1_151' title='bbox 767 3153 906 3228; x_wconf 88' lang='lat' dir='ltr'>venisse</span> <span class='ocrx_word' id='word_1_152' title='bbox 946 3154 984 3226; x_wconf 92' lang='lat' dir='ltr'>in</span> <span class='ocrx_word' id='word_1_153' title='bbox 1030 3155 1179 3230; x_wconf 85' lang='lat' dir='ltr'>solemni</span> 
     </span>
     <span class='ocr_line' id='line_1_25' title="bbox 295 3262 1180 3368; baseline 0.008 -26"><span class='ocrx_word' id='word_1_154' title='bbox 295 3271 456 3368; x_wconf 85' lang='lat' dir='ltr'>ingressu</span> <span class='ocrx_word' id='word_1_155' title='bbox 490 3268 527 3342; x_wconf 90' lang='lat' dir='ltr'>in</span> <span class='ocrx_word' id='word_1_156' title='bbox 559 3262 772 3344; x_wconf 83' lang='lat' dir='ltr'>ierusalem:¹</span> <span class='ocrx_word' id='word_1_157' title='bbox 810 3283 888 3364; x_wconf 79' lang='lat' dir='ltr'>quia·</span> <span class='ocrx_word' id='word_1_158' title='bbox 916 3285 1088 3347; x_wconf 81' lang='lat' dir='ltr'>audierunt</span> <span class='ocrx_word' id='word_1_159' title='bbox 1116 3303 1180 3349; x_wconf 84' lang='lat' dir='ltr'>eum</span> 
     </span>
     <span class='ocr_line' id='line_1_26' title="bbox 289 3377 1182 3493; baseline 0.007 -32"><span class='ocrx_word' id='word_1_160' title='bbox 289 3400 402 3478; x_wconf 78' lang='lat' dir='ltr'>fecisse·</span> <span class='ocrx_word' id='word_1_161' title='bbox 424 3399 480 3464; x_wconf 80' lang='lat' dir='ltr'>hoc</span> <span class='ocrx_word' id='word_1_162' title='bbox 492 3394 633 3493; x_wconf 61' lang='lat' dir='ltr'>lignum,</span> <span class='ocrx_word' id='word_1_163' title='bbox 657 3408 743 3487; x_wconf 87' lang='lat' dir='ltr'>post</span> <span class='ocrx_word' id='word_1_164' title='bbox 762 3377 948 3463; x_wconf 86' lang='lat' dir='ltr'>innumera</span> <span class='ocrx_word' id='word_1_165' title='bbox 968 3390 1035 3464; x_wconf 80' lang='lat' dir='ltr'>alia</span> <span class='ocrx_word' id='word_1_166' title='bbox 1055 3392 1182 3467; x_wconf 90' lang='lat' dir='ltr'>nihilo·</span> 
     </span>
     <span class='ocr_line' id='line_1_27' title="bbox 298 3490 1182 3602; baseline 0.007 -24"><span class='ocrx_word' id='word_1_167' title='bbox 298 3507 414 3579; x_wconf 87' lang='lat' dir='ltr'>minus</span> <span class='ocrx_word' id='word_1_168' title='bbox 454 3490 658 3579; x_wconf 66' lang='lat' dir='ltr'>increduli?</span> <span class='ocrx_word' id='word_1_169' title='bbox 698 3520 806 3602; x_wconf 75' lang='lat' dir='ltr'>quar&#39;e‘</span> <span class='ocrx_word' id='word_1_170' title='bbox 841 3496 959 3579; x_wconf 80' lang='lat' dir='ltr'>subdit</span> <span class='ocrx_word' id='word_1_171' title='bbox 993 3503 1057 3598; x_wconf 87' lang='lat' dir='ltr'>c):</span> <span class='ocrx_word' id='word_1_172' title='bbox 1111 3522 1182 3584; x_wconf 81' lang='lat' dir='ltr'>Cum</span> 
     </span>
     <span class='ocr_line' id='line_1_28' title="bbox 298 3623 1185 3714; baseline 0.01 -18"><span class='ocrx_word' id='word_1_173' title='bbox 298 3649 403 3697; x_wconf 81' lang='lat' dir='ltr'>aurem</span> <span class='ocrx_word' id='word_1_174' title='bbox 426 3629 621 3711; x_wconf 77' lang='lat' dir='ltr'>tontostgna</span> <span class='ocrx_word' id='word_1_175' title='bbox 636 3623 767 3714; x_wconf 72' lang='lat' dir='ltr'>ficisset</span> <span class='ocrx_word' id='word_1_176' title='bbox 784 3642 888 3698; x_wconf 83' lang='lat' dir='ltr'>coram</span> <span class='ocrx_word' id='word_1_177' title='bbox 909 3636 970 3711; x_wconf 85' lang='lat' dir='ltr'>cis,</span> <span class='ocrx_word' id='word_1_178' title='bbox 997 3653 1060 3698; x_wconf 82' lang='lat' dir='ltr'>non</span> <span class='ocrx_word' id='word_1_179' title='bbox 1086 3639 1185 3704; x_wconf 79' lang='lat' dir='ltr'>crede·</span> 
     </span>
     <span class='ocr_line' id='line_1_29' title="bbox 298 3733 1182 3836; baseline 0.012 -26"><span class='ocrx_word' id='word_1_180' title='bbox 298 3740 373 3810; x_wconf 80' lang='lat' dir='ltr'>doru</span> <span class='ocrx_word' id='word_1_181' title='bbox 392 3756 424 3813; x_wconf 85' lang='lat' dir='ltr'>in</span> <span class='ocrx_word' id='word_1_182' title='bbox 443 3771 531 3814; x_wconf 83' lang='lat' dir='ltr'>eum:</span> <span class='ocrx_word' id='word_1_183' title='bbox 555 3754 591 3814; x_wconf 76' lang='lat' dir='ltr'>ut</span> <span class='ocrx_word' id='word_1_184' title='bbox 600 3733 707 3832; x_wconf 76' lang='lat' dir='ltr'>scrmd</span> <span class='ocrx_word' id='word_1_185' title='bbox 722 3753 808 3815; x_wconf 79' lang='lat' dir='ltr'>lsaiae‘</span> <span class='ocrx_word' id='word_1_186' title='bbox 815 3754 971 3834; x_wconf 73' lang='lat' dir='ltr'>propheta</span> <span class='ocrx_word' id='word_1_187' title='bbox 988 3754 1182 3836; x_wconf 81' lang='lat' dir='ltr'>impleretur,</span> 
     </span>
     <span class='ocr_line' id='line_1_30' title="bbox 299 3862 1185 3954; baseline 0.012 -29"><span class='ocrx_word' id='word_1_188' title='bbox 299 3884 387 3948; x_wconf 79' lang='lat' dir='ltr'>quem</span> <span class='ocrx_word' id='word_1_189' title='bbox 397 3869 499 3931; x_wconf 81' lang='lat' dir='ltr'>dixit:</span> <span class='ocrx_word' id='word_1_190' title='bbox 518 3868 665 3947; x_wconf 73' lang='lat' dir='ltr'>Domine,</span> <span class='ocrx_word' id='word_1_191' title='bbox 682 3862 753 3954; x_wconf 72' lang='lat' dir='ltr'>quis·</span> <span class='ocrx_word' id='word_1_192' title='bbox 769 3871 898 3933; x_wconf 77' lang='lat' dir='ltr'>credidit</span> <span class='ocrx_word' id='word_1_193' title='bbox 914 3870 1040 3932; x_wconf 84' lang='lat' dir='ltr'>auditui</span> <span class='ocrx_word' id='word_1_194' title='bbox 1053 3873 1185 3938; x_wconf 81' lang='lat' dir='ltr'>nostro?</span> 
     </span>
     <span class='ocr_line' id='line_1_31' title="bbox 342 3982 1185 4089; baseline 0.024 -29"><span class='ocrx_word' id='word_1_195' title='bbox 342 4005 443 4080; x_wconf 62' lang='lat' dir='ltr'>nnc.</span> <span class='ocrx_word' id='word_1_196' title='bbox 456 3998 536 4064; x_wconf 75' lang='lat' dir='ltr'>m.</span> <span class='ocrx_word' id='word_1_197' title='bbox 549 4025 592 4080; x_wconf 65' lang='grc' dir='ltr'>η.</span> <span class='ocrx_word' id='word_1_198' title='bbox 606 4023 654 4069; x_wconf 69' lang='lat' dir='ltr'>aa</span> <span class='ocrx_word' id='word_1_199' title='bbox 705 4000 735 4088; x_wconf 78' lang='lat' dir='ltr'>t)</span> <span class='ocrx_word' id='word_1_200' title='bbox 745 4010 791 4080; x_wconf 74' lang='lat'>10.</span> <span class='ocrx_word' id='word_1_201' title='bbox 804 4010 873 4075; x_wconf 75' lang='lat' dir='ltr'>xri.</span> <span class='ocrx_word' id='word_1_202' title='bbox 887 4025 929 4082; x_wconf 68' lang='grc' dir='ltr'>η.</span> <span class='ocrx_word' id='word_1_203' title='bbox 982 4009 1066 4089; x_wconf 66' lang='lat' dir='ltr'>prr.</span> <span class='ocrx_word' id='word_1_204' title='bbox 1079 3982 1185 4089; x_wconf 58' lang='lat' dir='ltr'>ap&#39;erc.</span> 
     </span>
    </p>
   </div>
   <div class='ocr_carea' id='block_1_5' title="bbox 0 0 1235 4560">
    <p class='ocr_par' dir='ltr' id='par_1_5' title="bbox 0 0 1235 4560">
     <span class='ocr_line' id='line_1_32' title="bbox 0 0 1235 4560; baseline 0 0"><span class='ocrx_word' id='word_1_205' title='bbox 0 0 1235 4560; x_wconf 95' lang='lat' dir='ltr'> </span> 
     </span>
    </p>
   </div>
  </div>
 </body>
</html>
