2460 4560
217 314 288 385 35²

68 443 184 508 ΟΜ
214 449 274 518 vel
302 441 395 516 circa
418 437 529 512 filium
557 457 696 513 tantum
725 437 893 514 studium
921 441 1082 520 adhibuit
1091 446 1102 533 ,'

72 566 177 622 xxvl.
216 580 387 658 quantum
411 555 514 627 Deus
541 555 634 627 circa
655 555 815 653 ingratos
839 562 982 637 servos.
1031 563 1102 639 Pas

54 685 198 753 W*
216 680 353 754 sionem
376 675 495 770 itaque
517 696 592 746 non
616 673 768 746 omnino
788 698 943 772 aperte,
969 682 1031 754 sed
1049 682 1101 756 ob

217 821 318 870 scure
356 789 545 888 praedixit:
586 793 874 865 emolumentum
895 816 1033 871 -autem
1062 823 1100 871 ex

217 911 383 1013 passione
407 910 564 982 futurum
586 909 677 979 clare
704 907 810 981 dicits
840 933 879 984 ut
904 929 1031 1004 omnis,
1053 925 1099 1008 qui

218 1038 315 1103 eredit
340 1039 373 1098 in
395 1055 489 1112 eum,
527 1051 586 1094 non
610 1045 745 1115 pereat,
769 1033 836 1114 sed
859 1038 983 1103 lrabeat
1006 1045 1097 1104 vitam

216 1147 405 1217 aternam.“
468 1138 601 1213 Omnia
629 1138 688 1211 hic
719 1139 751 1211 S.
777 1141 947 1219 Justinus
973 1148 1033 1221 Μ.
1056 1147 1095 1219 ad

217 1261 445 1357 Diognetum
479 1285 513 1328 n.
546 1280 579 1349 9.
616 1259 828 1354 complexus
865 1281 946 1342 est,
988 1290 1093 1362 „que

216 1379 331 1451 modo
363 1375 466 1448 Deus
494 1399 567 1470 prae
595 1371 798 1462 immenso,
832 1401 910 1473 quo
941 1382 1093 1454 homines

217 1492 445 1595 prosequitur
463 1515 608 1576 amore,
629 1516 696 1562 nos
714 1491 801 1564 odio
823 1519 905 1566 non
928 1497 1092 1585 habuerit,

217 1639 336 1710 neque
361 1606 541 1694 eneceris,
568 1632 687 1703 neque
710 1607 953 1705 improbitatis
976 1636 1090 1689 nostrae

217 1753 413 1805 memorem
437 1751 474 1798 se
501 1724 712 1812 ostenderit,
739 1725 800 1799 fed
818 1728 1003 1823 patienter
1021 1757 1087 1804 eam

216 1846 355 1932 tulerit,
379 1869 420 1917 ac
439 1840 669 1914 sustinuerit?
700 1840 777 1937 ipse
801 1866 955 1940 peccata
983 1869 1089 1922 nostra

216 1962 390 2059 suscepit:
418 1958 602 2056 proprium
624 1957 699 2057 ipse
720 1959 849 2037 Filium
871 1964 1030 2060 pretium
1049 1992 1091 2040 re·

218 2077 410 2154 demtionis
440 2101 508 2172 pro
542 2073 647 2147 nobis
677 2075 799 2164 dedit,
838 2080 1002 2155 sanctum
1031 2108 1089 2182 pro

215 2193 275 2287 iis,
300 2194 365 2294 qui
393 2197 508 2288 legem
538 2192 742 2288 transgressi
770 2216 896 2284 erant;
926 2199 1016 2273 nihil
1037 2199 1090 2273 mi·

214 2339 283 2396 nus
314 2339 420 2415 quam
449 2312 582 2383 malum
611 2336 679 2408 pro
710 2310 808 2383 malis
821 2319 841 2399 ;‘'
869 2313 1004 2389 iustum
1029 2343 1089 2415 pro

213 2438 373 2523 iniustis,
400 2429 639 2532 corruptionis
660 2428 816 2504 nescium
832 2457 906 2528 pro
927 2432 1089 2508 obnoxiis

212 2554 457 2653 corruptioni,
497 2553 731 2627 immortalem
764 2574 833 2650 pro
873 2551 1088 2623 mortalibus.

212 2674 315 2768 Quid
356 2672 450 2744 enim
491 2671 586 2743 aliud
626 2690 771 2767 peccata
809 2687 938 2746 nostra
976 2656 1087 2769 potuit

208 2808 357 2887 tegere,
395 2813 500 2884 quam
535 2787 608 2860 eius
637 2788 798 2863 iustitia?
821 2789 886 2865 ‚In
921 2818 994 2890 quo
1020 2785 1083 2865 alio

208 2934 274 2980 nos
310 2906 422 3004 iniqui
457 2924 493 2978 et
521 2898 621 3002 impii
653 2905 833 2979 iustificari
871 2933 1082 3004 possumus,

205 3050 312 3121 quam
333 3024 370 3095 in
387 3025 464 3096 solo
482 3017 555 3094 Dei
573 3020 692 3097 Filio?
727 3023 763 3094 Ο
787 3022 936 3096 dulcem
956 3050 1085 3122 permu-

134 3174 138 3194 ·
207 3141 400 3215 tationem!
441 3140 481 3211 ‘O
518 3139 838 3236 impervestigabile
871 3143 1086 3216 artificium!

205 3259 243 3332 Ο
270 3256 444 3330 beneficia
479 3257 783 3352 exspectationem
811 3282 960 3330 omnem
993 3261 1086 3357 supe·

203 3375 339 3450 santia!
390 3373 440 3446 Ut
465 3373 629 3469 iniquitas
657 3373 801 3471 quidem
829 3377 1026 3449 multorum
1049 3375 1084 3447 in

202 3493 297 3568 iusto
322 3518 396 3566 uno
422 3491 682 3578 abscondatur,
708 3488 838 3563 iustitia
857 3510 979 3566 autem
998 3505 1086 3565 uiuus

193 3622 323 3702 faciut,
350 3631 387 3683 ut
408 3621 502 3684 multi
527 3621 638 3684 iniusti
663 3610 914 3693 iustificeutur.“

37 3867 178 3928 Suelle-
296 3844 614 3939 Quemadmodum
653 3872 742 3923 vero
784 3838 884 3944 prius
926 3843 1084 3919 Christus

37 3953 118 4017 Μ’·
203 3952 447 4040 Nicodemum
480 3969 552 4047 iam
584 3967 831 4073 dedecuerat,
870 3962 910 4038 in
939 3960 1084 4063 negotio
