2460 4560
626 364 857 381 m
935 360 938 365 '

81 519 86 537 ·
164 485 279 547 carun
304 487 467 561 Christus
490 482 544 557 his
569 483 616 556 ab
642 508 687 555 eo
715 480 840 581 dicp‘s,
867 479 1095 582 interrumpit
1120 486 1178 558 ser·

166 605 270 659 XXW·
301 628 474 704 monem,
494 622 529 673 et
550 605 651 673 velut
674 625 720 670 ex
743 598 922 696 abrupt0,
950 612 1070 690 Amen,
1097 632 1180 676 amen
1219 654 1222 659 -

154 719 371 794 Wvdim
398 732 477 805 tibi,
504 718 573 806 ait,
600 729 661 788 nisi
687 727 756 809 quis
784 738 910 788 renatus
926 724 1033 806 fuerit
1058 731 1180 807 denuo,

301 867 361 912 non
394 855 500 932 potest
542 846 649 908 videre
687 861 812 919 regnum
854 841 925 905 Dei.
1024 885 1049 921 ,‚
1074 835 1181 922 Hoc,

301 959 382 1029 funt
401 953 511 1026 verba
533 953 565 1023 S.
585 951 639 1024 Jo.
663 948 913 1047 Chrysostomi
939 948 998 1041 a),
1024 952 1055 1024 si
1070 950 1183 1024 Judaei

301 1071 504 1158 audissent,
532 1068 731 1141 deridentes
752 1065 941 1141 discessuri
962 1089 1073 1142 erant
1117 1068 1182 1141 Hic

299 1209 418 1262 autem
446 1186 606 1260 discendi
640 1182 795 1257 studium
828 1184 1029 1280 praesetulit.
1098 1186 1180 1258 Ideo

299 1306 395 1378 enim
428 1305 580 1376 obscure
610 1303 702 1397 saepe
732 1299 893 1395 loqriitur
921 1290 1112 1389 Christus,
1141 1320 1177 1375 ut

300 1420 482 1494 auditores
510 1420 608 1492 etad
631 1417 923 1512 interrogandum
947 1420 1179 1515 promtiores,

301 1557 337 1611 et
368 1538 417 1608 -ad
453 1529 676 1632 operandum
713 1533 957 1632 expeditiores
996 1537 1133 1609 reddat.
1158 1538 1178 1573 “

304 1652 445 1747 Quaerit
477 1652 727 1726 Nicodemus:
782 1661 940 1746 Quomodo
962 1675 1073 1744 potest
1097 1665 1183 1724 Immo
1214 1712 1215 1720 ,

300 1784 409 1858 nasci,
454 1799 522 1850 cum
553 1775 600 1858 stt
631 1779 770 1860 senex?
829 1768 970 1843 Judaeus
1009 1791 1086 1843 erat
1121 1768 1182 1842 Ni-

301 1885 474 1960 codemus
501 1887 699 1960 exsemine
722 1886 896 1975 Abrahae,
924 1885 984 1959 cui
1009 1908 1044 1960 et
1064 1886 1182 1961 semini

301 2004 376 2076 eius
399 2025 503 2076 tantae
525 2003 777 2099 promissiones
796 2006 895 2077 tacte
910 2005 1076 2090 fuerunt,
1099 2006 1184 2102 ipse·

299 2140 372 2215 que
404 2119 561 2192 Messias
593 2121 679 2191 inde
711 2141 807 2203 ceuo
839 2121 992 2194 oriturus
1023 2123 1183 2217 speraba-

302 2256 384 2323 tur3
419 2262 485 2308 nec
514 2236 736 2310 Nicodemus
765 2238 898 2312 alienus
932 2257 1007 2310 erat
1040 2260 1182 2324 mente,

301 2373 343 2451 ut
363 2352 483 2425 desum
507 2353 604 2425 hunc
634 2381 730 2442 esse,
758 2375 842 2428 tunc
871 2355 1024 2427 maxime
1047 2356 1184 2428 deside·

304 2490 419 2542 ratum
440 2463 707 2568 speratumque,
731 2469 795 2546 fibi
816 2473 1064 2569 persuaderet,
1090 2497 1185 2545 cum·

304 2613 376 2684 que
403 2587 471 2659 iam
501 2608 522 2659 a
547 2587 642 2660 tribu
664 2589 754 2660 Juda
786 2615 934 2686 regnum
960 2609 1053 2662 esset
1079 2609 1187 2662 trans·

208 2731 211 2738 ·
257 2698 269 2725 “
304 2707 435 2790 latum,
462 2704 526 2776 srbi
546 2704 582 2775 in
603 2705 760 2778 animum
787 2704 996 2794 induceret,
1026 2732 1109 2779 eum
1137 2734 1188 2779 re·

304 2820 506 2894 stituturum
529 2802 679 2917 regnuin
705 2822 821 2896 Israel.
890 2824 943 2894 At
957 2825 1104 2897 terrena
1128 2823 1188 2896 ad·

305 2938 378 3010 huc
414 2957 449 3011 et
478 2937 579 3011 nimis
610 2941 765 3011 humana
794 2940 839 3010 de
870 2939 1017 3012 Christo
1051 2940 1188 3037 cogitat

304 3054 431 3127 Rabbi
458 3081 538 3126 eum
565 3057 793 3150 compellans.
855 3056 1033 3151 Equidem
1045 3065 1187 3146 scimur,

301 3169 440 3265 inquit,
468 3180 546 3261 quio
568 3197 588 3240 a
611 3178 678 3242 Deo
705 3184 841 3257 venisti,-
869 3171 992 3244 Deum
1017 3199 1108 3246 vero
1136 3174 1190 3247 Je-

301 3310 381 3360 sum
409 3310 484 3358 non
509 3289 692 3383 agnoscit,
732 3315 799 3360 nec
830 3289 964 3386 aliquid
994 3289 1032 3360 in
1065 3291 1190 3364 condi-

192 3417 195 3425 *
303 3404 403 3479 tione
427 3402 502 3476 eius
529 3405 651 3477 humili
665 3388 864 3502 perspicit,
902 3432 1085 3502 quocum
1114 3407 1191 3481 ido·

305 3548 413 3596 neum
442 3522 585 3595 credere
616 3543 758 3619 posset,
785 3522 847 3618 qui
876 3549 1025 3618 regnum
1056 3524 1189 3613 Israelo,

305 3643 411 3734 quale
435 3638 498 3711 fibi
514 3628 627 3710 iudaei
651 3640 695 3712 de
717 3640 780 3711 suo
799 3639 939 3712 Messia
960 3639 1083 3716 animo
1103 3669 1191 3718 con·

308 3776 494 3855 ceperant,
521 3773 643 3853 posset
664 3756 865 3861 instaurare.

352 4003 384 4081 a)
406 4000 481 4064 Hom·
504 4003 629 4075 XXIV.
652 4014 681 4068 in
700 4006 779 4080 Itur.
806 4007 837 4076 T.
863 4007 945 4077 Vrrl·
967 4023 994 4085 1³·
1020 4027 1081 4084 tto.
