2460 4560
506 312 741 370 Ξ
1083 331 1130 405 81

95 486 288 562 precatum:
315 473 425 538 Pacta
438 474 545 556 sarge.
596 475 639 536 Et
664 473 825 557 confestim
838 476 984 558 surrexit
1001 485 1132 566 puella,

104 609 136 659 et
162 593 355 658 ambulabat.
418 582 481 656 De
511 583 587 656 filio
614 581 731 656 viduae
761 584 799 654 in
830 586 972 659 civitate
1000 590 1131 682 Naim,

101 701 162 798 qui
190 703 263 774 iam
295 697 335 791 a)
363 710 524 791 dffunttas'
553 707 736 786 efferebatur
762 711 851 788 filius
885 718 992 776 unicas
1023 725 1132 785 matris

90 827 178 910 saa,
215 837 334 890 narrat
358 817 608 914 Evangelista‚
645 844 726 890 cum
749 817 901 893 ‘vidisset
925 820 1131 916 Dominus,

99 934 347 1008 misericordia
369 951 506 1008 motum
525 937 630 1030 super
649 960 727 1007 eam
749 935 879 1010 dixisse
901 936 972 1010 illi:
1009 993 1032 1028 „
1042 942 1133 1017 Noti

99 1048 200 1126 fleret
246 1053 296 1126 Et
322 1054 472 1125 accessit
498 1071 543 1126 et
559 1050 674 1146 tetigit
705 1055 864 1125 loculum
890 1055 959 1149 (hi
988 1081 1130 1152 autem,

98 1171 162 1266 qui
187 1167 400 1266 portabant,
429 1165 625 1259 steterunt)
657 1189 693 1242 e't
712 1169 776 1244 ait:
811 1169 1037 1249 Adolescens
1065 1179 1132 1253 tibi

99 1286 206 1359 dico:
242 1287 356 1382 surge.
413 1286 463 1359 Et
492 1286 641 1372 resedit,
679 1270 741 1383 qui
771 1307 846 1360 erat
873 1312 1058 1383 mortuus,
1094 1314 1131 1371 et

98 1405 213 1500 coepit
239 1405 349 1500 lnquit
398 1405 447 1476 Et
472 1404 571 1476 dedit
592 1402 693 1476 illum
717 1406 818 1478 matri
845 1407 925 1480 suae.
976 1409 1131 1511 Accepit

97 1542 220 1594 antem
243 1540 368 1592 omnes
396 1519 519 1614 timor,
548 1539 583 1593 et
607 1522 883 1618 magnificabant
909 1523 1052 1617 Deum,
1077 1531 1129 1603 di·

97 1652 242 1711 centes:
270 1637 367 1732 Quia
391 1638 568 1735 propheta
594 1664 743 1732 magnus
763 1640 912 1714 surrexit
938 1642 975 1713 in
999 1646 1126 1718 nobisz'
1166 1662 1171 1672 '

98 1774 133 1827 et
153 1753 240 1850 quia
260 1752 365 1837 Deus
385 1754 543 1830 visitavit
565 1754 707 1850 plebem
728 1756 836 1860 suain.
898 1757 948 1829 Et
967 1759 1052 1833 exiit
1070 1763 1128 1838 hic·

95 1873 215 1946 ferma
233 1871 271 1941 in
295 1870 497 1946 universam
519 1871 677 1942 Judaeam
701 1872 747 1942 de
769 1881 834 1958 eo,
861 1892 897 1945 et
919 1872 957 1944 in
982 1898 1128 1954 omnem

95 1989 190 2063 circa
213 1986 410 2083 regionem.
422 1990 445 2026 ‘⁶
507 1980 678 2060 anarum
710 1987 901 2084 quatriduo
925 1989 993 2063 iam
1016 1995 1158 2093 sepult
1195 2066 1202 2077 ,

94 2122 172 2178 tum
184 2095 467 2178 'resuscitaturus
490 2130 583 2181 voce
611 2131 740 2202 magna
764 2105 863 2180 Jesus
886 2109 1050 2184 clamavit
1065 2111 1125 2205 b):'

93 2231 222 2294 lazare
244 2234 315 2294 vent·
329 2233 434 2311 foras.
485 2233 528 2295 Et
543 2229 656 2310 statim
672 2235 812 2314 prodiit,
840 2237 895 2317 qui
909 2232 1024 2315 fuerat
1044 2258 1128 2303 mor-1

93 2360 180 2412 neas.
235 2330 336 2430 Quid
357 2363 445 2414 vero
467 2340 603 2412 adhoc
625 2341 785 2413 omnium
808 2342 1002 2427 maximum
1025 2345 1126 2420 mira·¹

93 2460 217 2530 culum
245 2455 342 2527 haud
373 2461 500 2553 procul
530 2484 550 2529 a
581 2457 721 2531 civitate
747 2458 969 2555 Jerosolyma
991 2461 1125 2536 factum

91 2572 128 2646 in
152 2559 349 2645 Bethania!
377 2572 484 2648 Unde
505 2574 607 2647 etiam
631 2565 705 2646 eius
726 2575 818 2646 fama
844 2579 973 2648 multos
999 2602 1018 2648 e
1045 2578 1127 2653 civi·-

92 2708 166 2763 tate'
188 2706 397 2776 attraxerat}
422 2689 615 2764 Pontifices
635 2709 758 2763 autem
779 2710 813 2763 et
833 2685 1031 2765 Pharisaeos
1050 2721 1127 2769 mo·⁸

91 2808 147 2882 vit
170 2806 218 2878 ad
246 2788 383 2881 tiovutn
412 2806 457 2878 de
481 2807 652 2894 Christo,
678 2808 753 2880 imo
779 2808 882 2880 e'tinm
905 2808 1041 2884 Lazaro
1066 2840 1126 2891 aa·

92 2912 252 2998 cidendo
279 2923 478 2997 consilium.
546 2921 635 2997 Non
664 2922 793 2995 diffessi
824 2924 898 2998 eius
922 2927 1027 3000 etiam
1058 2929 1126 3004 alia

91 3040 263 3112 miracula
291 3043 422 3114 collato
454 3035 617 3114 'concilio'
640 3039 830 3113 dicebant:
866 3053 952 3135 ,Quia
963 3040 1123 3134 sacimasj
1166 3139 1173 3148 .

90 3170 171 3249 quia
191 3166 242 3226 lac
262 3166 354 3227 homa·
375 3168 476 3228 multa
493 3152 585 3245 signa
596 3165 713 3248 satit?
740 3155 840 3231 Alias
862 3185 990 3254 porro,
1018 3161 1124 3236 etiam

92 3273 182 3346 dum
206 3271 295 3345 nihil
313 3296 387 3346 non
409 3290 576 3370 egerunt,
603 3295 643 3349 ut
665 3275 874 3348 criminandi
897 3279 1016 3347 locum
1043 3279 1126 3373 arri:

90 3406 242 3486 petent,
267 3406 333 3484 per
353 3391 432 3488 ipsa
454 3407 599 3487 qu'oq'ue
621 3393 765 3464 fuerunt
784 3392 922 3464 confusi
944 3391 1125 3474 miracula.

90 3504 254 3578 Siccam
280 3505 425 3580 Christo
450 3508 487 3579 in
513 3509 653 3582 civitate
675 3509 736 3580 sna
761 3509 991 3605 paralyticum
1020 3513 1124 3586 offer.-

89 3641 173 3695 rent
195 3622 370 3696 iacentem
391 3625 430 3696 in
453 3628 575 3712 lecto,
610 3624 740 3721 etipse
765 3623 890 3698 'videns
913 3621 1021 3707 fidem
1045 3632 1125 3705 illua

88 3757 172 3812 rum
198 3738 333 3813 diceret
362 3742 557 3841 paralytico
584 3739 640 3834 c):
685 3749 804 3851 Canfide'
819 3750 893 3831 fili,
922 3760 1123 3833 remittuntur

133 3887 166 3958 ι)
187 3888 252 3948 za.
279 3882 347 3953 νη.
371 3900 413 3954 n.
507 3894 537 3974 ι)
561 3892 606 3961 Jo.
633 3891 686 3949 tn.
718 3977 748 4070 F
779 3894 809 3973 a)
829 3879 929 3955 anta.
952 3896 1005 3963 tx,
1029 3914 1057 3959 ι,

141 3989 257 4068 Toni.
284 3990 313 4063 1.
