<?xml version="1.0" encoding="UTF-8"?>
<!DOCTYPE html PUBLIC "-//W3C//DTD XHTML 1.0 Transitional//EN"
    "http://www.w3.org/TR/xhtml1/DTD/xhtml1-transitional.dtd">
<html xmlns="http://www.w3.org/1999/xhtml" xml:lang="en" lang="en">
 <head>
  <title>
</title>
<meta http-equiv="Content-Type" content="text/html;charset=utf-8" />
  <meta name='ocr-system' content='tesseract 3.04.00' />
  <meta name='ocr-capabilities' content='ocr_page ocr_carea ocr_par ocr_line ocrx_word'/>
</head>
<body>
  <div class='ocr_page' id='page_1' title='image "./desublimiinevan01gerbgoog_0064.png"; bbox 0 0 2460 4560; ppageno 0'>
   <div class='ocr_carea' id='block_1_1' title="bbox 1043 388 1201 452">
    <p class='ocr_par' dir='ltr' id='par_1_1' title="bbox 1043 388 1201 452">
     <span class='ocr_line' id='line_1_1' title="bbox 1043 388 1201 452; baseline 0 0"><span class='ocrx_word' id='word_1_1' title='bbox 1043 388 1088 452; x_wconf 57' lang='grc' dir='ltr'><strong><em>Ν</em></strong></span> <span class='ocrx_word' id='word_1_2' title='bbox 1198 403 1201 407; x_wconf 88' lang='grc'><strong><em>’</em></strong></span> 
     </span>
    </p>
   </div>
   <div class='ocr_carea' id='block_1_2' title="bbox 58 508 1091 844">
    <p class='ocr_par' dir='ltr' id='par_1_2' title="bbox 58 508 1091 844">
     <span class='ocr_line' id='line_1_2' title="bbox 59 508 1091 609; baseline -0.002 -21"><span class='ocrx_word' id='word_1_3' title='bbox 59 511 224 589; x_wconf 81' lang='lat' dir='ltr'>sentibus</span> <span class='ocrx_word' id='word_1_4' title='bbox 248 511 282 586; x_wconf 75' lang='lat' dir='ltr'>et&#39;</span> <span class='ocrx_word' id='word_1_5' title='bbox 306 510 431 586; x_wconf 77' lang='lat' dir='ltr'>futuris</span> <span class='ocrx_word' id='word_1_6' title='bbox 462 513 508 584; x_wconf 84' lang='lat' dir='ltr'>ad</span> <span class='ocrx_word' id='word_1_7' title='bbox 531 508 764 584; x_wconf 80' lang='lat' dir='ltr'>remotissima</span> <span class='ocrx_word' id='word_1_8' title='bbox 787 536 901 608; x_wconf 87' lang='lat' dir='ltr'>usque</span> <span class='ocrx_word' id='word_1_9' title='bbox 927 530 1091 609; x_wconf 83' lang='lat' dir='ltr'>tempora</span> 
     </span>
     <span class='ocr_line' id='line_1_3' title="bbox 62 629 1089 728; baseline 0.001 -26"><span class='ocrx_word' id='word_1_10' title='bbox 62 656 178 726; x_wconf 88' lang='lat' dir='ltr'>usque</span> <span class='ocrx_word' id='word_1_11' title='bbox 200 630 571 728; x_wconf 25' lang='lat' dir='ltr'>adnconsumationem</span> <span class='ocrx_word' id='word_1_12' title='bbox 588 629 704 703; x_wconf 82' lang='lat' dir='ltr'>saeculi</span> <span class='ocrx_word' id='word_1_13' title='bbox 725 629 775 707; x_wconf 86' lang='lat' dir='ltr'>ita</span> <span class='ocrx_word' id='word_1_14' title='bbox 791 632 952 702; x_wconf 90' lang='lat' dir='ltr'>locutum</span> <span class='ocrx_word' id='word_1_15' title='bbox 974 631 1089 719; x_wconf 83' lang='lat' dir='ltr'>fuisse,</span> 
     </span>
     <span class='ocr_line' id='line_1_4' title="bbox 58 746 672 844; baseline 0 -24"><span class='ocrx_word' id='word_1_16' title='bbox 58 767 101 820; x_wconf 89' lang='lat' dir='ltr'>ut</span> <span class='ocrx_word' id='word_1_17' title='bbox 121 774 192 820; x_wconf 92' lang='lat' dir='ltr'>nos</span> <span class='ocrx_word' id='word_1_18' title='bbox 217 748 333 823; x_wconf 79' lang='lat' dir='ltr'>caeteri</span> <span class='ocrx_word' id='word_1_19' title='bbox 358 749 404 840; x_wconf 88' lang='lat' dir='ltr'>de</span> <span class='ocrx_word' id='word_1_20' title='bbox 426 746 672 844; x_wconf 75' lang='lat' dir='ltr'>praesentibus.</span> 
     </span>
    </p>
   </div>
   <div class='ocr_carea' id='block_1_3' title="bbox 38 978 1097 2597">
    <p class='ocr_par' dir='ltr' id='par_1_3' title="bbox 38 978 1097 2597">
     <span class='ocr_line' id='line_1_5' title="bbox 139 978 1090 1079; baseline -0.002 -25"><span class='ocrx_word' id='word_1_21' title='bbox 139 979 355 1055; x_wconf 87' lang='lat' dir='ltr'>Cuiusmodi</span> <span class='ocrx_word' id='word_1_22' title='bbox 380 981 520 1076; x_wconf 84' lang='lat' dir='ltr'>insigne</span> <span class='ocrx_word' id='word_1_23' title='bbox 542 1007 631 1054; x_wconf 87' lang='lat' dir='ltr'>mox</span> <span class='ocrx_word' id='word_1_24' title='bbox 657 981 833 1079; x_wconf 85' lang='lat' dir='ltr'>specimen</span> <span class='ocrx_word' id='word_1_25' title='bbox 862 982 962 1055; x_wconf 83' lang='lat' dir='ltr'>dedit</span> <span class='ocrx_word' id='word_1_26' title='bbox 983 978 1090 1054; x_wconf 86' lang='lat' dir='ltr'>¹Chri-</span> 
     </span>
     <span class='ocr_line' id='line_1_6' title="bbox 57 1098 1090 1198; baseline -0.001 -27"><span class='ocrx_word' id='word_1_27' title='bbox 57 1119 159 1186; x_wconf 82' lang='lat' dir='ltr'>stus,</span> <span class='ocrx_word' id='word_1_28' title='bbox 192 1101 277 1172; x_wconf 84' lang='lat' dir='ltr'>dum</span> <span class='ocrx_word' id='word_1_29' title='bbox 303 1119 390 1198; x_wconf 89' lang='lat' dir='ltr'>post</span> <span class='ocrx_word' id='word_1_30' title='bbox 416 1098 555 1194; x_wconf 84' lang='lat' dir='ltr'>nuptias</span> <span class='ocrx_word' id='word_1_31' title='bbox 578 1099 616 1171; x_wconf 88' lang='lat' dir='ltr'>in</span> <span class='ocrx_word' id='word_1_32' title='bbox 635 1099 738 1171; x_wconf 82' lang='lat' dir='ltr'>Cana</span> <span class='ocrx_word' id='word_1_33' title='bbox 758 1099 912 1190; x_wconf 73' lang='lat' dir='ltr'>Galilaeae</span> <span class='ocrx_word' id='word_1_34' title='bbox 937 1100 1090 1197; x_wconf 90' lang='lat' dir='ltr'>primum</span> 
     </span>
     <span class='ocr_line' id='line_1_7' title="bbox 58 1215 1091 1318; baseline 0 -31"><span class='ocrx_word' id='word_1_35' title='bbox 58 1216 238 1313; x_wconf 86' lang='lat' dir='ltr'>processit</span> <span class='ocrx_word' id='word_1_36' title='bbox 271 1217 317 1289; x_wconf 82' lang='lat' dir='ltr'>ad</span> <span class='ocrx_word' id='word_1_37' title='bbox 349 1217 614 1318; x_wconf 73' lang='lat' dir='ltr'>praedicandum</span> <span class='ocrx_word' id='word_1_38' title='bbox 646 1216 915 1314; x_wconf 85' lang='lat' dir='ltr'>Hierosolymas</span> <span class='ocrx_word' id='word_1_39' title='bbox 948 1217 994 1289; x_wconf 89' lang='lat' dir='ltr'>ad</span> <span class='ocrx_word' id='word_1_40' title='bbox 1022 1215 1091 1313; x_wconf 91' lang='lat' dir='ltr'>pri·</span> 
     </span>
     <span class='ocr_line' id='line_1_8' title="bbox 59 1333 1092 1430; baseline 0 -26"><span class='ocrx_word' id='word_1_41' title='bbox 59 1360 163 1406; x_wconf 90' lang='lat' dir='ltr'>mum</span> <span class='ocrx_word' id='word_1_42' title='bbox 177 1417 179 1420; x_wconf 9' lang='grc' dir='ltr'><em>Α</em></span> <span class='ocrx_word' id='word_1_43' title='bbox 190 1335 345 1430; x_wconf 84' lang='lat' dir='ltr'>pascha,</span> <span class='ocrx_word' id='word_1_44' title='bbox 374 1361 393 1406; x_wconf 93' lang='lat' dir='ltr'>e</span> <span class='ocrx_word' id='word_1_45' title='bbox 421 1337 556 1430; x_wconf 80' lang='lat' dir='ltr'>templo</span> <span class='ocrx_word' id='word_1_46' title='bbox 579 1333 779 1406; x_wconf 87' lang='lat' dir='ltr'>vendentes</span> <span class='ocrx_word' id='word_1_47' title='bbox 803 1353 838 1405; x_wconf 78' lang='lat' dir='ltr'>et</span> <span class='ocrx_word' id='word_1_48' title='bbox 858 1353 1015 1406; x_wconf 87' lang='lat' dir='ltr'>ementes</span> <span class='ocrx_word' id='word_1_49' title='bbox 1032 1359 1092 1405; x_wconf 90' lang='lat' dir='ltr'>ex-</span> 
     </span>
     <span class='ocr_line' id='line_1_9' title="bbox 55 1447 1092 1547; baseline 0 -25"><span class='ocrx_word' id='word_1_50' title='bbox 55 1453 225 1547; x_wconf 84' lang='lat' dir='ltr'>-pellens,</span> <span class='ocrx_word' id='word_1_51' title='bbox 256 1450 495 1523; x_wconf 84' lang='lat' dir='ltr'>dictitantibus</span> <span class='ocrx_word' id='word_1_52' title='bbox 520 1469 638 1523; x_wconf 84' lang='lat' dir='ltr'>autem</span> <span class='ocrx_word' id='word_1_53' title='bbox 667 1450 797 1523; x_wconf 84' lang='lat' dir='ltr'>Judaeis</span> <span class='ocrx_word' id='word_1_54' title='bbox 827 1447 895 1540; x_wconf 83' lang='lat' dir='ltr'>a):</span> <span class='ocrx_word' id='word_1_55' title='bbox 940 1450 1092 1544; x_wconf 84' lang='lat' dir='ltr'>„Quod</span> 
     </span>
     <span class='ocr_line' id='line_1_10' title="bbox 59 1565 1093 1664; baseline -0.002 -24"><span class='ocrx_word' id='word_1_56' title='bbox 59 1567 204 1662; x_wconf 76' lang='lat' dir='ltr'>signum</span> <span class='ocrx_word' id='word_1_57' title='bbox 231 1567 388 1639; x_wconf 88' lang='lat' dir='ltr'>ostendis</span> <span class='ocrx_word' id='word_1_58' title='bbox 409 1566 534 1654; x_wconf 89' lang='lat' dir='ltr'>nobis,</span> <span class='ocrx_word' id='word_1_59' title='bbox 566 1566 749 1662; x_wconf 84' lang='lat' dir='ltr'>quiahaec</span> <span class='ocrx_word' id='word_1_60' title='bbox 770 1565 888 1639; x_wconf 80' lang='lat' dir='ltr'>iacis?</span> <span class='ocrx_word' id='word_1_61' title='bbox 924 1568 1093 1664; x_wconf 91' lang='lat' dir='ltr'>Respon-</span> 
     </span>
     <span class='ocr_line' id='line_1_11' title="bbox 62 1683 1095 1780; baseline 0 -25"><span class='ocrx_word' id='word_1_62' title='bbox 62 1683 118 1755; x_wconf 88' lang='lat' dir='ltr'>dit</span> <span class='ocrx_word' id='word_1_63' title='bbox 143 1683 268 1769; x_wconf 86' lang='lat' dir='ltr'>Jesus,</span> <span class='ocrx_word' id='word_1_64' title='bbox 303 1684 454 1757; x_wconf 82' lang='lat' dir='ltr'>etdixit</span> <span class='ocrx_word' id='word_1_65' title='bbox 480 1683 546 1766; x_wconf 81' lang='lat' dir='ltr'>eis:</span> <span class='ocrx_word' id='word_1_66' title='bbox 586 1683 719 1759; x_wconf 88' lang='lat' dir='ltr'>Solvite</span> <span class='ocrx_word' id='word_1_67' title='bbox 746 1687 919 1780; x_wconf 90' lang='lat' dir='ltr'>templum</span> <span class='ocrx_word' id='word_1_68' title='bbox 942 1686 1031 1768; x_wconf 91' lang='lat' dir='ltr'>hoc,</span> <span class='ocrx_word' id='word_1_69' title='bbox 1060 1703 1095 1755; x_wconf 85' lang='lat' dir='ltr'>et</span> 
     </span>
     <span class='ocr_line' id='line_1_12' title="bbox 38 1798 1096 1896; baseline -0.001 -26"><span class='ocrx_word' id='word_1_70' title='bbox 38 1800 101 1896; x_wconf 17' lang='lat' dir='ltr'>*in</span> <span class='ocrx_word' id='word_1_71' title='bbox 127 1800 239 1873; x_wconf 83' lang='lat' dir='ltr'>tribus</span> <span class='ocrx_word' id='word_1_72' title='bbox 270 1799 395 1872; x_wconf 89' lang='lat' dir='ltr'>diebus</span> <span class='ocrx_word' id='word_1_73' title='bbox 429 1799 595 1873; x_wconf 85' lang='lat' dir='ltr'>excitabo</span> <span class='ocrx_word' id='word_1_74' title='bbox 621 1799 753 1871; x_wconf 83' lang='lat' dir='ltr'>illud.“</span> <span class='ocrx_word' id='word_1_75' title='bbox 814 1798 885 1870; x_wconf 86' lang='lat' dir='ltr'>Hic</span> <span class='ocrx_word' id='word_1_76' title='bbox 910 1801 956 1871; x_wconf 88' lang='lat' dir='ltr'>ad</span> <span class='ocrx_word' id='word_1_77' title='bbox 986 1825 1096 1876; x_wconf 81' lang='lat' dir='ltr'>resur·</span> 
     </span>
     <span class='ocr_line' id='line_1_13' title="bbox 59 1908 1094 2012; baseline -0.001 -24"><span class='ocrx_word' id='word_1_78' title='bbox 59 1916 234 2004; x_wconf 80' lang='lat' dir='ltr'>sectionis</span> <span class='ocrx_word' id='word_1_79' title='bbox 273 1916 462 1988; x_wconf 73' lang='lat' dir='ltr'>dominicae</span> <span class='ocrx_word' id='word_1_80' title='bbox 500 1908 702 2011; x_wconf 84' lang='lat' dir='ltr'>respicitur</span> <span class='ocrx_word' id='word_1_81' title='bbox 723 1915 954 2012; x_wconf 87' lang='lat' dir='ltr'>mysterium·;</span> <span class='ocrx_word' id='word_1_82' title='bbox 995 1917 1094 2012; x_wconf 90' lang='lat' dir='ltr'>quod</span> 
     </span>
     <span class='ocr_line' id='line_1_14' title="bbox 61 2031 1094 2120; baseline -0.003 -14"><span class='ocrx_word' id='word_1_83' title='bbox 61 2053 186 2110; x_wconf 88' lang='lat' dir='ltr'>tamen</span> <span class='ocrx_word' id='word_1_84' title='bbox 213 2036 333 2106; x_wconf 85' lang='lat' dir='ltr'>coram</span> <span class='ocrx_word' id='word_1_85' title='bbox 362 2031 428 2105; x_wconf 92' lang='lat' dir='ltr'>illis</span> <span class='ocrx_word' id='word_1_86' title='bbox 455 2059 530 2105; x_wconf 93' lang='lat' dir='ltr'>non</span> <span class='ocrx_word' id='word_1_87' title='bbox 559 2032 635 2104; x_wconf 80' lang='lat' dir='ltr'>fore</span> <span class='ocrx_word' id='word_1_88' title='bbox 650 2032 984 2120; x_wconf 81' lang='lat' dir='ltr'>manifestandum,</span> <span class='ocrx_word' id='word_1_89' title='bbox 1012 2059 1094 2104; x_wconf 89' lang='lat' dir='ltr'>cum</span> 
     </span>
     <span class='ocr_line' id='line_1_15' title="bbox 61 2150 1093 2253; baseline -0.001 -31"><span class='ocrx_word' id='word_1_90' title='bbox 61 2151 102 2222; x_wconf 86' lang='lat' dir='ltr'>in</span> <span class='ocrx_word' id='word_1_91' title='bbox 129 2151 369 2234; x_wconf 82' lang='lat' dir='ltr'>excaecatione</span> <span class='ocrx_word' id='word_1_92' title='bbox 390 2153 452 2222; x_wconf 84' lang='lat' dir='ltr'>sua</span> <span class='ocrx_word' id='word_1_93' title='bbox 478 2169 766 2246; x_wconf 80' lang='lat' dir='ltr'>perseverarent,</span> <span class='ocrx_word' id='word_1_94' title='bbox 794 2171 934 2249; x_wconf 80' lang='lat' dir='ltr'>postea·</span> <span class='ocrx_word' id='word_1_95' title='bbox 948 2150 1093 2253; x_wconf 86' lang='lat' dir='ltr'>quando</span> 
     </span>
     <span class='ocr_line' id='line_1_16' title="bbox 61 2267 1094 2365; baseline 0 -27"><span class='ocrx_word' id='word_1_96' title='bbox 61 2267 193 2347; x_wconf 77' lang='lat' dir='ltr'>iterato</span> <span class='ocrx_word' id='word_1_97' title='bbox 213 2288 298 2363; x_wconf 88' lang='lat' dir='ltr'>post</span> <span class='ocrx_word' id='word_1_98' title='bbox 317 2286 372 2340; x_wconf 86' lang='lat' dir='ltr'>tot</span> <span class='ocrx_word' id='word_1_99' title='bbox 395 2294 440 2339; x_wconf 78' lang='lat' dir='ltr'>au·</span> <span class='ocrx_word' id='word_1_100' title='bbox 460 2287 576 2352; x_wconf 83' lang='lat' dir='ltr'>tanta,</span> <span class='ocrx_word' id='word_1_101' title='bbox 600 2267 740 2361; x_wconf 81' lang='lat' dir='ltr'>fignum</span> <span class='ocrx_word' id='word_1_102' title='bbox 756 2269 927 2365; x_wconf 85' lang='lat' dir='ltr'>petebant</span> <span class='ocrx_word' id='word_1_103' title='bbox 948 2296 968 2339; x_wconf 90' lang='lat' dir='ltr'>e</span> <span class='ocrx_word' id='word_1_104' title='bbox 992 2271 1094 2354; x_wconf 87' lang='lat' dir='ltr'>coelo,</span> 
     </span>
     <span class='ocr_line' id='line_1_17' title="bbox 66 2383 1097 2479; baseline -0.001 -23"><span class='ocrx_word' id='word_1_105' title='bbox 66 2383 234 2456; x_wconf 88' lang='lat' dir='ltr'>Christus</span> <span class='ocrx_word' id='word_1_106' title='bbox 260 2383 306 2456; x_wconf 89' lang='lat' dir='ltr'>eis</span> <span class='ocrx_word' id='word_1_107' title='bbox 329 2383 499 2479; x_wconf 78' lang='lat' dir='ltr'>fignificat</span> <span class='ocrx_word' id='word_1_108' title='bbox 518 2383 656 2454; x_wconf 81' lang='lat' dir='ltr'>Matth.</span> <span class='ocrx_word' id='word_1_109' title='bbox 678 2383 783 2462; x_wconf 86' lang='lat' dir='ltr'><strong>XVI.</strong></span> <span class='ocrx_word' id='word_1_110' title='bbox 809 2409 863 2474; x_wconf 83' lang='lat'>4.·</span> <span class='ocrx_word' id='word_1_111' title='bbox 907 2385 1097 2472; x_wconf 73' lang='lat' dir='ltr'>„Genera-</span> 
     </span>
     <span class='ocr_line' id='line_1_18' title="bbox 63 2499 1095 2597; baseline -0.001 -25"><span class='ocrx_word' id='word_1_112' title='bbox 63 2500 119 2572; x_wconf 87' lang='lat' dir='ltr'>tio</span> <span class='ocrx_word' id='word_1_113' title='bbox 143 2503 254 2588; x_wconf 88' lang='lat' dir='ltr'>mala,</span> <span class='ocrx_word' id='word_1_114' title='bbox 283 2500 418 2596; x_wconf 86' lang='lat' dir='ltr'>inquit,</span> <span class='ocrx_word' id='word_1_115' title='bbox 453 2519 488 2571; x_wconf 78' lang='lat' dir='ltr'>et</span> <span class='ocrx_word' id='word_1_116' title='bbox 507 2499 666 2572; x_wconf 85' lang='lat' dir='ltr'>adultera</span> <span class='ocrx_word' id='word_1_117' title='bbox 698 2502 836 2594; x_wconf 78' lang='lat' dir='ltr'>signum</span> <span class='ocrx_word' id='word_1_118' title='bbox 863 2503 1004 2597; x_wconf 81' lang='lat' dir='ltr'>quaerit3</span> <span class='ocrx_word' id='word_1_119' title='bbox 1036 2499 1095 2572; x_wconf 86' lang='lat' dir='ltr'>se&#39;d</span> 
     </span>
    </p>
   </div>
   <div class='ocr_carea' id='block_1_4' title="bbox 62 2615 1208 2715">
    <p class='ocr_par' dir='ltr' id='par_1_4' title="bbox 62 2615 1208 2715">
     <span class='ocr_line' id='line_1_19' title="bbox 62 2615 1208 2715; baseline -0.003 -27"><span class='ocrx_word' id='word_1_120' title='bbox 62 2617 206 2712; x_wconf 77' lang='lat' dir='ltr'>signum</span> <span class='ocrx_word' id='word_1_121' title='bbox 230 2642 305 2688; x_wconf 94' lang='lat' dir='ltr'>non</span> <span class='ocrx_word' id='word_1_122' title='bbox 328 2616 469 2688; x_wconf 88' lang='lat' dir='ltr'>dabitur</span> <span class='ocrx_word' id='word_1_123' title='bbox 488 2615 540 2702; x_wconf 91' lang='lat' dir='ltr'>ei,</span> <span class='ocrx_word' id='word_1_124' title='bbox 568 2615 635 2687; x_wconf 89' lang='lat' dir='ltr'>nisi</span> <span class='ocrx_word' id='word_1_125' title='bbox 658 2618 796 2712; x_wconf 81' lang='lat' dir='ltr'>sig-num</span> <span class='ocrx_word' id='word_1_126' title='bbox 822 2619 921 2690; x_wconf 78' lang='lat' dir='ltr'>Jonae</span> <span class='ocrx_word' id='word_1_127' title='bbox 943 2618 1098 2715; x_wconf 83' lang='lat' dir='ltr'>prophe·</span> <span class='ocrx_word' id='word_1_128' title='bbox 1205 2678 1208 2685; x_wconf 84' lang='lat'>.</span> 
     </span>
    </p>
   </div>
   <div class='ocr_carea' id='block_1_5' title="bbox 54 2732 1171 3419">
    <p class='ocr_par' dir='ltr' id='par_1_5' title="bbox 58 2732 1101 3181">
     <span class='ocr_line' id='line_1_20' title="bbox 63 2732 1096 2824; baseline -0.001 -19"><span class='ocrx_word' id='word_1_129' title='bbox 63 2754 123 2821; x_wconf 81' lang='lat' dir='ltr'>tae.</span> <span class='ocrx_word' id='word_1_130' title='bbox 175 2733 223 2804; x_wconf 91' lang='lat' dir='ltr'>Et</span> <span class='ocrx_word' id='word_1_131' title='bbox 248 2732 374 2805; x_wconf 86' lang='lat' dir='ltr'>relictis</span> <span class='ocrx_word' id='word_1_132' title='bbox 408 2732 474 2804; x_wconf 87' lang='lat' dir='ltr'>illis</span> <span class='ocrx_word' id='word_1_133' title='bbox 510 2733 643 2806; x_wconf 81' lang='lat' dir='ltr'>abiit.“</span> <span class='ocrx_word' id='word_1_134' title='bbox 692 2733 783 2806; x_wconf 94' lang='lat' dir='ltr'>Non</span> <span class='ocrx_word' id='word_1_135' title='bbox 813 2736 894 2824; x_wconf 90' lang='lat' dir='ltr'>hic,</span> <span class='ocrx_word' id='word_1_136' title='bbox 941 2737 1026 2814; x_wconf 81' lang='lat' dir='ltr'>sicut</span> <span class='ocrx_word' id='word_1_137' title='bbox 1059 2735 1096 2805; x_wconf 92' lang='lat' dir='ltr'>in</span> 
     </span>
     <span class='ocr_line' id='line_1_21' title="bbox 59 2848 1097 2947; baseline 0.002 -26"><span class='ocrx_word' id='word_1_138' title='bbox 59 2850 186 2947; x_wconf 84' lang='lat' dir='ltr'>primo</span> <span class='ocrx_word' id='word_1_139' title='bbox 206 2848 368 2928; x_wconf 82' lang='lat' dir='ltr'>sermono</span> <span class='ocrx_word' id='word_1_140' title='bbox 391 2849 556 2924; x_wconf 88' lang='lat' dir='ltr'>Christus</span> <span class='ocrx_word' id='word_1_141' title='bbox 577 2870 689 2923; x_wconf 86' lang='lat' dir='ltr'>totum</span> <span class='ocrx_word' id='word_1_142' title='bbox 712 2852 943 2926; x_wconf 83' lang='lat' dir='ltr'>redemtionis</span> <span class='ocrx_word' id='word_1_143' title='bbox 968 2873 1097 2924; x_wconf 69' lang='lat' dir='ltr'>nostrie</span> 
     </span>
     <span class='ocr_line' id='line_1_22' title="bbox 58 2965 1101 3072; baseline 0.001 -33"><span class='ocrx_word' id='word_1_144' title='bbox 58 2993 163 3064; x_wconf 86' lang='lat' dir='ltr'>opus</span> <span class='ocrx_word' id='word_1_145' title='bbox 188 2965 226 3036; x_wconf 88' lang='lat' dir='ltr'>in</span> <span class='ocrx_word' id='word_1_146' title='bbox 246 2966 439 3062; x_wconf 81' lang='lat' dir='ltr'>passione,</span> <span class='ocrx_word' id='word_1_147' title='bbox 469 2986 583 3040; x_wconf 89' lang='lat' dir='ltr'>morte</span> <span class='ocrx_word' id='word_1_148' title='bbox 613 2986 647 3039; x_wconf 92' lang='lat' dir='ltr'>et</span> <span class='ocrx_word' id='word_1_149' title='bbox 673 2971 933 3072; x_wconf 62' lang='lat' dir='ltr'>resurrectione</span> <span class='ocrx_word' id='word_1_150' title='bbox 957 2971 1017 3041; x_wconf 81' lang='lat' dir='ltr'>sua</span> <span class='ocrx_word' id='word_1_151' title='bbox 1041 2990 1101 3040; x_wconf 82' lang='lat' dir='ltr'>ex·</span> 
     </span>
     <span class='ocr_line' id='line_1_23' title="bbox 62 3070 1100 3181; baseline 0.002 -27"><span class='ocrx_word' id='word_1_152' title='bbox 62 3083 216 3181; x_wconf 78' lang='lat' dir='ltr'>pressit,</span> <span class='ocrx_word' id='word_1_153' title='bbox 253 3103 311 3170; x_wconf 90' lang='lat' dir='ltr'>ut,</span> <span class='ocrx_word' id='word_1_154' title='bbox 342 3103 533 3179; x_wconf 84' lang='lat' dir='ltr'>postquam</span> <span class='ocrx_word' id='word_1_155' title='bbox 560 3087 717 3180; x_wconf 80' lang='lat' dir='ltr'>perfecta</span> <span class='ocrx_word' id='word_1_156' title='bbox 740 3113 796 3160; x_wconf 86' lang='lat' dir='ltr'>res</span> <span class='ocrx_word' id='word_1_157' title='bbox 822 3083 923 3173; x_wconf 63' lang='lat' dir='ltr'>fure,</span> <span class='ocrx_word' id='word_1_158' title='bbox 940 3070 1100 3181; x_wconf 75' lang='lat' dir='ltr'>agnove-</span> 
     </span>
    </p>

    <p class='ocr_par' dir='ltr' id='par_1_6' title="bbox 54 3185 1171 3419">
     <span class='ocr_line' id='line_1_24' title="bbox 54 3185 1171 3299; baseline -0.001 -25"><span class='ocrx_word' id='word_1_159' title='bbox 54 3219 154 3274; x_wconf 80' lang='lat' dir='ltr'>-runt</span> <span class='ocrx_word' id='word_1_160' title='bbox 180 3198 253 3271; x_wconf 88' lang='lat' dir='ltr'>eius</span> <span class='ocrx_word' id='word_1_161' title='bbox 281 3199 462 3296; x_wconf 76' lang='lat' dir='ltr'>discipuli,</span> <span class='ocrx_word' id='word_1_162' title='bbox 495 3200 625 3295; x_wconf 86' lang='lat' dir='ltr'>quibus</span> <span class='ocrx_word' id='word_1_163' title='bbox 648 3203 733 3279; x_wconf 83' lang='lat' dir='ltr'>solis</span> <span class='ocrx_word' id='word_1_164' title='bbox 759 3231 797 3277; x_wconf 82' lang='lat' dir='ltr'>se</span> <span class='ocrx_word' id='word_1_165' title='bbox 827 3203 990 3283; x_wconf 81' lang='lat' dir='ltr'>Christus</span> <span class='ocrx_word' id='word_1_166' title='bbox 1016 3223 1101 3299; x_wconf 90' lang='lat' dir='ltr'>post</span> <span class='ocrx_word' id='word_1_167' title='bbox 1169 3185 1171 3191; x_wconf 38' lang='lat'><strong>¹</strong></span> 
     </span>
     <span class='ocr_line' id='line_1_25' title="bbox 64 3313 1098 3419; baseline 0.002 -29"><span class='ocrx_word' id='word_1_168' title='bbox 64 3313 363 3394; x_wconf 75' lang='lat' dir='ltr'>resurrectionem</span> <span class='ocrx_word' id='word_1_169' title='bbox 383 3319 479 3390; x_wconf 81' lang='lat' dir='ltr'>fuam</span> <span class='ocrx_word' id='word_1_170' title='bbox 498 3320 659 3395; x_wconf 81' lang='lat' dir='ltr'>reddidit</span> <span class='ocrx_word' id='word_1_171' title='bbox 676 3315 922 3418; x_wconf 83' lang='lat' dir='ltr'>conspicuum.</span> <span class='ocrx_word' id='word_1_172' title='bbox 973 3320 1098 3419; x_wconf 82' lang='lat' dir='ltr'>„Cum</span> 
     </span>
    </p>
   </div>
   <div class='ocr_carea' id='block_1_6' title="bbox 59 3432 1208 3530">
    <p class='ocr_par' dir='ltr' id='par_1_7' title="bbox 59 3432 1208 3530">
     <span class='ocr_line' id='line_1_26' title="bbox 59 3432 1208 3530; baseline -0.009 -12"><span class='ocrx_word' id='word_1_173' title='bbox 59 3457 180 3529; x_wconf 56' lang='lat' dir='ltr'>wgo,</span> <span class='ocrx_word' id='word_1_174' title='bbox 204 3432 253 3504; x_wconf 84' lang='lat' dir='ltr'>ait</span> <span class='ocrx_word' id='word_1_175' title='bbox 280 3433 512 3528; x_wconf 73' lang='lat' dir='ltr'>Evangelista</span> <span class='ocrx_word' id='word_1_176' title='bbox 534 3435 597 3530; x_wconf 79' lang='lat' dir='ltr'>b),</span> <span class='ocrx_word' id='word_1_177' title='bbox 625 3439 874 3514; x_wconf 80' lang='lat' dir='ltr'>resurrexisset</span> <span class='ocrx_word' id='word_1_178' title='bbox 898 3463 918 3508; x_wconf 82' lang='lat' dir='ltr'>a</span> <span class='ocrx_word' id='word_1_179' title='bbox 940 3439 1100 3522; x_wconf 83' lang='lat' dir='ltr'>mortuis,</span> <span class='ocrx_word' id='word_1_180' title='bbox 1206 3462 1208 3467; x_wconf 92' lang='lat'>·</span> 
     </span>
    </p>
   </div>
   <div class='ocr_carea' id='block_1_7' title="bbox 51 3549 1101 4013">
    <p class='ocr_par' dir='ltr' id='par_1_8' title="bbox 51 3549 1101 4013">
     <span class='ocr_line' id='line_1_27' title="bbox 60 3549 1101 3654; baseline -0.002 -26"><span class='ocrx_word' id='word_1_181' title='bbox 60 3549 247 3628; x_wconf 75' lang='lat' dir='ltr'>Jecordn&#39;ti</span> <span class='ocrx_word' id='word_1_182' title='bbox 271 3552 351 3622; x_wconf 84' lang='lat' dir='ltr'>sunt</span> <span class='ocrx_word' id='word_1_183' title='bbox 370 3551 539 3654; x_wconf 80' lang='lat' dir='ltr'>discipuii</span> <span class='ocrx_word' id='word_1_184' title='bbox 562 3557 654 3645; x_wconf 86' lang='lat' dir='ltr'>eius,</span> <span class='ocrx_word' id='word_1_185' title='bbox 678 3555 764 3650; x_wconf 80' lang='lat' dir='ltr'>quin¹</span> <span class='ocrx_word' id='word_1_186' title='bbox 781 3556 853 3626; x_wconf 89' lang='lat' dir='ltr'>hoc</span> <span class='ocrx_word' id='word_1_187' title='bbox 876 3553 1034 3628; x_wconf 86' lang='lat' dir='ltr'>dicebat:</span> <span class='ocrx_word' id='word_1_188' title='bbox 1061 3576 1101 3626; x_wconf 69' lang='lat' dir='ltr'>&#39;et</span> 
     </span>
     <span class='ocr_line' id='line_1_28' title="bbox 51 3666 1101 3773; baseline 0.002 -31"><span class='ocrx_word' id='word_1_189' title='bbox 51 3666 299 3758; x_wconf 73' lang='lat' dir='ltr'>-orediderunt</span> <span class='ocrx_word' id='word_1_190' title='bbox 339 3669 541 3773; x_wconf 58' lang='lat' dir='ltr'>scripturae,</span> <span class='ocrx_word' id='word_1_191' title='bbox 582 3697 616 3746; x_wconf 86' lang='lat' dir='ltr'>et</span> <span class='ocrx_word' id='word_1_192' title='bbox 652 3669 828 3758; x_wconf 83' lang='lat' dir='ltr'>sermoni,</span> <span class='ocrx_word' id='word_1_193' title='bbox 870 3696 973 3768; x_wconf 85' lang='lat' dir='ltr'>quem</span> <span class='ocrx_word' id='word_1_194' title='bbox 1012 3673 1101 3744; x_wconf 82' lang='lat' dir='ltr'>dixit</span> 
     </span>
     <span class='ocr_line' id='line_1_29' title="bbox 60 3782 1100 3888; baseline 0.002 -31"><span class='ocrx_word' id='word_1_195' title='bbox 60 3784 180 3858; x_wconf 63' lang='lat' dir='ltr'>{iesus</span> <span class='ocrx_word' id='word_1_196' title='bbox 198 3787 219 3820; x_wconf 69' lang='lat'>‘⁶</span> <span class='ocrx_word' id='word_1_197' title='bbox 278 3783 408 3860; x_wconf 86' lang='lat' dir='ltr'>Subdit</span> <span class='ocrx_word' id='word_1_198' title='bbox 431 3791 680 3888; x_wconf 79' lang='lat' dir='ltr'>Evangelista,</span> <span class='ocrx_word' id='word_1_199' title='bbox 716 3791 869 3878; x_wconf 85' lang='lat' dir='ltr'>multos,</span> <span class='ocrx_word' id='word_1_200' title='bbox 889 3798 982 3860; x_wconf 67' lang='lat' dir='ltr'>lcum</span> <span class='ocrx_word' id='word_1_201' title='bbox 1010 3782 1100 3860; x_wconf 83' lang='lat' dir='ltr'>esset</span> 
     </span>
     <span class='ocr_line' id='line_1_30' title="bbox 62 3899 1100 4013; baseline 0.01 -39"><span class='ocrx_word' id='word_1_202' title='bbox 62 3927 158 4002; x_wconf 79' lang='lat' dir='ltr'>tunc</span> <span class='ocrx_word' id='word_1_203' title='bbox 178 3899 439 4000; x_wconf 85' lang='lat' dir='ltr'>Hierosolymis</span> <span class='ocrx_word' id='word_1_204' title='bbox 459 3909 497 3988; x_wconf 86' lang='lat' dir='ltr'>in</span> <span class='ocrx_word' id='word_1_205' title='bbox 517 3908 674 4013; x_wconf 81' lang='lat' dir='ltr'>pascha,</span> <span class='ocrx_word' id='word_1_206' title='bbox 691 3906 880 3995; x_wconf 79' lang='lat' dir='ltr'>credidisse</span> <span class='ocrx_word' id='word_1_207' title='bbox 897 3905 933 3988; x_wconf 74' lang='lat' dir='ltr'>in</span> <span class='ocrx_word' id='word_1_208' title='bbox 955 3903 1100 3987; x_wconf 70' lang='lat' dir='ltr'>nomine</span> 
     </span>
    </p>
   </div>
   <div class='ocr_carea' id='block_1_8' title="bbox 112 4026 594 4134">
    <p class='ocr_par' dir='ltr' id='par_1_9' title="bbox 112 4026 594 4134">
     <span class='ocr_line' id='line_1_31' title="bbox 112 4026 594 4134; baseline 0.021 -27"><span class='ocrx_word' id='word_1_209' title='bbox 112 4026 594 4134; x_wconf 28' lang='lat' dir='ltr'>mhstmiomw</span> 
     </span>
    </p>
   </div>
   <div class='ocr_carea' id='block_1_9' title="bbox 0 0 1240 4560">
    <p class='ocr_par' dir='ltr' id='par_1_10' title="bbox 0 0 1240 4560">
     <span class='ocr_line' id='line_1_32' title="bbox 0 0 1240 4560; baseline 0 0"><span class='ocrx_word' id='word_1_210' title='bbox 0 0 1240 4560; x_wconf 95' lang='lat' dir='ltr'> </span> 
     </span>
    </p>
   </div>
  </div>
 </body>
</html>
