2460 4560
464 380 698 400 Μ

1043 374 1090 442 39

59 496 171 572 minis
200 497 266 592 (in
288 492 421 587 cruce)
448 517 488 570 ut
515 480 657 586 omnis,
696 497 758 594 qui
784 496 897 571 credit
922 499 959 570 in
989 498 1091 573 illum

62 642 136 688 non
159 635 302 713 pereat,
324 617 385 688 sed
406 616 539 688 habeat
557 616 665 688 vitam
687 635 864 688 aeternam.
916 616 971 689 Sic
995 617 1089 690 enim

59 731 164 806 Deus
196 732 325 805 dilexit
352 733 546 821 mundum,
581 717 621 804 ut
646 732 773 806 Filium
801 736 903 806 suum
932 733 1092 829 unigeni.

59 869 135 922 tum
164 851 288 936 daret,
319 869 360 921 ut
389 849 505 939 omnis
517 849 624 945 ,a-,qui
659 851 771 923 credit
799 851 838 924 in
874 876 977 937 eum,
1012 875 1089 922 non

57 985 207 1063 pereat,
239 966 302 1038 led
327 967 458 1039 habeat
488 967 598 1042 vitam
625 986 791 1049 aeternam
826 971 925 1049 etc‚“
995 960 1092 1058 Quae

57 1108 147 1184 veto
173 1085 338 1164 successu
373 1085 515 1171 tandem
546 1085 718 1188 temporis
754 1104 853 1166 erant
876 1084 1088 1189 implenda,

59 1220 99 1272 ut
122 1216 192 1272 no's
217 1227 336 1274 coram
365 1200 403 1272 in
433 1202 522 1278 orbe
543 1203 740 1293 ⁴christiano
770 1204 947 1286 intuentes
978 1199 1091 1276 credi·

60 1343 150 1390 mus.
202 1317 343 1391 Mulier
359 1343 447 1394 vero
469 1318 528 1391 illa
547 1319 761 1414 Samaritana
782 1319 931 1393 credidit
951 1340 1089 1393 contes-

59 1453 133 1506 tata
156 1433 302 1506 civibus
318 1431 394 1526 a),:
424 1435 585 1522 „Venite
608 1458 644 1522 et
664 1438 784 1512 videte
804 1436 1006 1523 hominem,
1025 1435 1088 1531 qui

60 1550 155 1623 dixit
178 1551 265 1623 mihi
286 1554 431 1640 omnia,-
461 1579 685 1652 quaecunque
707 1556 795 1637 feci,
824 1553 988 1651 nunquid
1010 1551 1092 1648 ipse

60 1687 112 1740 est
138 1665 339 1753 Christus?
381 1669 547 1767 Cumque
569 1667 607 1762 b)
633 1657 821 1757 mansisset
846 1670 897 1745 ibi
917 1656 1093 1750 Christus<

59 1785 153 1857 duos
183 1785 274 1858 dies:
301 1791 415 1870 multo
436 1792 555 1885 plures
576 1788 804 1867 crediderunt
824 1786 861 1868 in
882 1812 965 1868 eum
979 1810 1089 1882 prop·

59 1905 331 1989 tetsermonem
353 1904 439 1987 eius!
470 1904 520 1982 Et
535 1904 674 1990 mulleri
693 1903 882 1988 dicebant;
906 1901 1003 2000 Quia
1018 1900 1100 1972 iam'

57 2048 136 2096 non
166 2041 313 2118 propter
336 2019 432 2105 tuam
461 2024 640 2118 loquelam
666 2020 864 2103 credimus;
898 2018 968 2120 ipsi
994 2017 1088 2093 enirn

53 2127 290 2226 audivimus,.
310 2156 346 2219 et
372 2137 521 2226 scimus,
555 2139 638 2235 quia
661 2139 720 2212 hic
749 2158 802 2211 est
820 2164 905 2212 vere
927 2137 1088 2210 Salvator

56 2254 248 2328 mundi.“.
300 2254 464 2336 Christus
491 2276 610 2336 autem
635 2276 773 2354 arrepta
801 2256 867 2337 hac
897 2252 1088 2337 occasione

57 2371 172 2445 edixit
195 2370 265 2445 luis
291 2371 491 2470 discipulis,
518 2375 619 2469 quod
647 2400 716 2445 nos
743 2371 910 2473 deinceps
936 2373 1087 2456 lactum,

55 2489 197 2567 mundo
224 2487 276 2568 ¹ad
298 2488 492 2572 *Christum
525 2517 701 2573 converso,
738 2515 857 2570 coram
890 2490 1085 2572 cernimus:

56 2616 134 2679 Ecce
155 2616 225 2678 dico
242 2615 347 2695 nolus,¹
369 2617 473 2690 lenate
490 2618 593 2689 oculos
611 2628 750 2692 vestros,
770 2627 801 2677 et
819 2617 923 2688 uidete
942 2617 1087 2690 regiones,

54 2736 135 2817 quia
157 2733 231 2794 alba
245 2730 326 2811 stent
350 2735 416 2794 iam
437 2735 480 2794 ad
504 2752 627 2796 messem
655 2720 700 2824 c).
763 2721 865 2805 Dum
892 2746 1020 2817 nempe
1042 2719 1089 2791 al·

53 2839 253 2915 ferentibus
275 2838 457 2936 discipulis
480 2839 600 2919 cibum
624 2841 763 2924 dixerat
785 2838 969 2922 Christus;
995 2844 1091 2909 Meus

54 2969 140 3030 cibus
164 2977 236 3041 est,
260 2965 435 3044 etfaciam
460 2967 762 3042 voluntatemne,
789 2969 844 3048 qui
865 2967 951 3035 misit
968 2983 1033 3043 me,
1051 2973 1088 3024 ut
1192 2934 1200 2959 ¹

50 3082 215 3164 perficium
239 3102 316 3162 opus
341 3085 435 3158 tius:
474 3074 704 3181 praedlcando
732 3072 897 3158 nimirum
924 3071 1088 3162 Evange-

54 3190 143 3263 lium
164 3191 268 3286 tegni
291 3189 389 3278 Dei,
415 3194 516 3288 quod
535 3191 825 3289 appropinquare
848 3184 1090 3272 denunciabat

55 3307 188 3380 Judaeis
209 3307 405 3391 incredulis.
429 3310 526 3404 signa
550 3290 821 3404 postulantibus.
881 3304 964 3376 Hoc
986 3300 1090 3374 Chri·

52 3444 129 3498 stus
153 3429 280 3520 regulo
297 3425 352 3506 illi
375 3439 409 3496 in
435 3437 520 3495 Cana
546 3435 691 3512 Gallice,
721 3434 772 3494 ubi
789 3433 874 3512 fecit
900 3448 1017 3514 aquom
1038 3431 1088 3491 vi·

53 3572 134 3619 num>
153 3539 194 3632 d)
222 3542 419 3638 exprobrat
446 3541 663 3636 postulanti,
687 3560 727 3611 ut
748 3539 1001 3635 Capharnaum
1022 3547 1087 3611 des·

53 3669 217 3744 canderet,
248 3683 279 3731 et
293 3668 430 3748 fiznoret
452 3665 555 3745 filium
586 3670 674 3747 eius,
703 3665 869 3747 implebat
894 3668 975 3741 enim
996 3666 1085 3740 moti.

52 3787 152 3848 Dixit
173 3804 245 3861 ergo
265 3787 357 3858 ,Iesus
380 3786 425 3859 od
444 3804 537 3856 etim:
576 3785 645 3847 Nisi
660 3779 752 3860 figna
774 3796 805 3845 ct
825 3785 974 3866 prodigio
998 3781 1085 3843 vide·

54 3907 149 3980 ritis,
170 3923 230 3965 aon
247 3903 384 3968 creditis.
406 3892 585 3966 .Christus
603 3917 711 3979 vero,
731 3891 814 3965 dum
834 3889 920 3972 dicit
935 3890 1083 3982 regulo:

97 4047 130 4123 a)
144 4043 269 4111 Jodll·
284 4059 327 4117 m
411 4043 440 4120 e)
453 4044 496 4104 a.
510 4061 554 4114 ω
631 4043 668 4120 a)
688 4043 723 4100 u.
739 4055 781 4112 ες.
866 4023 952 4115 qli.
967 4035 1021 4100 ιν.
1036 4037 1083 4107 46,
