2460 4560
111 365 285 456 1061‘
504 353 736 388 ''¹¹¹¹'-

110 538 232 588 coram
265 510 491 597 hominibus,
518 528 559 582 ut
577 507 770 587 videamini
789 508 841 582 'ab
867 509 936 584 eis:
975 510 1116 610 alioquin

88 661 90 664 ⁴
107 628 309 702 mercedem
321 625 585 701 nonhabebitis
604 628 699 722 apud
712 627 853 716 Patrem
864 648 1043 718 vestrum,
1061 626 1127 729 §quit

104 746 145 821 in
161 748 265 820 'celis
287 764 348 817 est.
401 744 495 816 Cum
523 768 608 838 ergo
632 742 716 815 facis
745 748 1031 842 eleemosynam,
1058 744 1121 819 noli

83 865 194 938 ”tuba
223 884 349 937 canere
378 869 463 933 'ante
491 866 549 948 te,
577 861 673 932 ''ficut
690 860 897 959 'hypocritae
933 863 1067 935 faciunt
1091 861 1121 934 in

105 964 314 1078 synagogis,
334 964 437 1050 ⁸etin
455 976 560 1063 vicis,
588 997 628 1049 ut
648 978 930 1051 honorificentur
953 979 999 1052 ab
1022 979 1121 1050 homi·

104 1097 222 1170 nibus.
272 1094 391 1167 Arnen
422 1095 504 1166 dico
529 1093 655 1180 vobis,
694 1115 907 1191 receperunt
930 1101 1121 1169 mercedem

102 1213 211 1285 suam.
238 1248 239 1251 ¹
277 1213 338 1284 Te
366 1231 483 1283 autem
508 1209 657 1283 faciente
687 1215 973 1309 eleemosynam,
1001 1212 1122 1286 nesciat

103 1328 351 1417 sinistram,
388 1327 475 1423 quid
501 1326 606 1399 faciat
630 1328 776 1400 dextera
796 1347 875 1416 tua,
913 1347 955 1401 ut
980 1329 1021 1401 fit
1044 1333 1122 1401 elce·
1161 1384 1166 1429 ⁵

49 1496 51 1498 ψ
104 1471 258 1542 mosyna
273 1444 382 1517 'tuain
402 1443 639 1529 absconditu,
660 1465 694 1516 et
707 1444 811 1517 Pater
832 1466 930 1534 tuus,
959 1447 1022 1542 qui
1034 1447 1123 1522 videt
1161 1476 1166 1603 ι

29 1650 30 1653 ¹
106 1560 146 1632 in
167 1561 401 1648 abscondito,
425 1562 551 1632 reddet
576 1559 683 1631 tibi.“
733 1561 776 1632 Id
795 1587 908 1657 genus
933 1582 1006 1651 est,
1033 1561 1123 1658 quod
1164 1614 1166 1633 ἰ

103 1683 232 1776 pbstea
250 1679 337 1753 dicit
355 1673 413 1768 a):
442 1675 598 1764 „Nolite
620 1671 856 1749 thesaurizare
870 1679 976 1751 vobis
997 1681 1124 1753 thesau·
1161 1684 1166 1785 j

103 1821 165 1870 ros
188 1795 225 1867 in
255 1815 368 1868 terrae
408 1794 472 1867 ubi
507 1801 628 1889 aerugo
660 1814 695 1866 et
716 1794 818 1866 'tinea
843 1795 1061 1885 demolitur,
1095 1814 1124 1868 et

91 1913 174 1984 ubi·
187 1914 280 1985 fures
304 1911 498 1998 effodiunt,
527 1930 562 1984 et
582 1911 751 1984 furantur.
761 1914 783 1949 ‘⁶
835 1911 928 2004 Quae
949 1937 1038 1986 vero
1057 1915 1124 2013 len·

101 2027 214 2100 tentia
251 2028 414 2099 antithesi
452 2025 616 2121 apposita
658 2027 782 2099 miram
815 2028 1013 2124 emphasim
1043 2030 1127 2103 acci·

102 2142 157 2238 pit
181 2137 239 2230 b)z
283 2138 576 2227 „Thesaurizate
601 2164 716 2215 autem
746 2145 850 2219 vobis
878 2146 1064 2219 thesauros
1091 2146 1125 2218 in

104 2262 217 2344 coelO,
241 2257 303 2329 ubi
329 2283 445 2352 neque
468 2283 609 2352 aerugo,
647 2285 765 2355 neque
796 2260 890 2333 tinea
912 2262 1123 2352 demolitur,
1153 2251 1156 2268 '

103 2395 139 2447 et
166 2374 229 2447 ubi
258 2375 352 2445 fures
383 2401 458 2446 non
487 2375 680 2462 effodiunt,
722 2403 788 2449 nec
813 2378 989 2450 furantur.⁴
1055 2378 1125 2451 Ubi

103 2488 197 2563 enim
219 2491 400 2563 thesaurus
428 2511 526 2578 tuus,
554 2491 604 2564 ibi
628 2513 737 2565 estet
760 2498 991 2567 cortuum.“
1042 2496 1125 2590 Qui-

101 2608 169 2681 bus
191 2608 385 2680 admirabili
404 2634 516 2695 nexu,
545 2634 622 2704 quae
641 2611 833 2704 sequuntur
859 2611 1060 2701 cohaerent,
1082 2614 1124 2684 de

100 2727 245 2797 lucerna
279 2724 459 2796 actionum
491 2745 689 2797 nostrarum
721 2723 776 2814 c):
823 2727 1021 2812 „Lucerna
1053 2755 1124 2802 cor·

100 2841 199 2937 poris
237 2841 289 2913 tui
325 2861 376 2912 est
406 2845 531 2913 oculus
562 2861 662 2927 tuus3
701 2842 729 2912 si
757 2847 882 2915 oculus
909 2864 990 2916 tuus
1023 2846 1124 2917 fuerit

99 2959 269 3074 simplex:
308 2977 586 3055 totumcorpus
618 2978 717 3031 tuum
744 2959 901 3032 lucidum
933 2961 999 3034 erit
1028 2965 1122 3035 etc.“

103 3075 193 3148 Item
213 3072 271 3162 d):
299 3073 451 3159 „Nemo
475 3093 596 3170 potest
623 3075 766 3147 duobus
793 3074 946 3148 dominis
971 3079 1120 3151 servire:

99 3212 161 3264 aut
182 3191 276 3262 enim
303 3216 412 3261 unum
439 3191 526 3262 odio
549 3191 714 3279 habebit,
743 3212 777 3265 et
801 3197 948 3265 alterum
978 3196 1120 3290 diliget:

98 3329 291 3381 autunum
316 3307 517 3395 sustinebit,
546 3328 581 3380 et
601 3313 749 3381 alterum
767 3328 982 3382 contemnet
1035 3311 1122 3383 Non

96 3425 245 3521 potestis
279 3422 365 3495 Deo
401 3424 529 3496 servire
556 3445 591 3497 et
619 3411 842 3498 mammonae.
920 3427 1020 3500 Ideo
1041 3427 1120 3500 dico

49 3616 51 3620 ,
97 3540 223 3647 vobis,
250 3566 294 3610 ne
322 3541 458 3614 solliciti
488 3541 557 3615 fitis
584 3544 709 3616 animae
736 3563 883 3632 vestrae,
917 3542 1006 3640 quid
1029 3570 1120 3616 man·

96 3658 232 3730 ducens
251 3660 342 3727 etc.“
896 3675 901 3687 ’

136 3887 165 3964 ι)
187 3890 284 3957 unctu.
313 3892 363 3953 W.
390 3909 432 3963 19·
497 3895 527 3972 t>
548 3892 588 3957 u.
610 3912 654 3958 20.
722 3893 811 3989 illl.
838 3912 883 3957 υ.
952 3891 1113 3973 d)1l·¹⁴·'
