2460 4560
540 307 545 328 .
689 311 694 317 -
968 348 1073 419 x11

448 334 681 398 ..v-..¹¹2¹

50 493 174 586 fugam
216 488 256 560 in
284 489 498 588 AE‘gyptum,
534 487 738 587 superaddit
773 490 819 562 de
848 492 919 575 vita
943 491 1079 569 Christi

57 607 269 680 abscondita
293 607 330 677 in
353 610 414 680 lua
435 601 604 705 pueritia,
632 634 707 693 non
739 608 846 697 semel
873 610 1076 694 testimonio

54 723 175 797 matris
207 724 288 796 Jesu
308 711 444 814 Mariae
467 725 621 813 firmatae
649 724 840 813 narrationi
865 750 1009 821 quoque
1029 728 1076 801 de

54 840 240 916 nativitate
279 841 311 925 S,
339 841 484 930 loannis
520 842 597 924 haec
634 841 769 938 iungite
806 841 934 929 „Puer
961 861 1078 917 autem

55 957 258 1055 crescebat,
285 977 320 1041 et
346 958 611 1049 confortabatur
630 960 772 1056 spiritue
801 980 835 1043 et
861 978 936 1033 erat
957 960 996 1031 in
1020 961 1078 1033 de·

54 1075 157 1147 sertis
175 1076 351 1169 usquead
370 1075 464 1165 diem
483 1075 694 1164 ostensionis
714 1079 783 1162 suae
801 1078 846 1157 aid
870 1078 976 1162 lsrael
990 1074 1040 1167 a).
1055 1081 1078 1121 “

54 1190 180 1287 Atque
199 1192 244 1264 ab
264 1192 331 1264 hac
353 1193 491 1288 epocha
515 1192 547 1285 St
572 1192 724 1278 Marcus
743 1194 981 1289 praetermissis
1003 1219 1078 1266 om·

54 1308 163 1381 nibus
182 1307 358 1404 prioribus
381 1307 555 1397 a·caeteris
579 1309 802 1412 evangelistis
824 1298 1078 1396 commemora·

55 1425 120 1512 tis,
156 1425 389 1521 Evangelium
419 1428 520 1498 suum
555 1415 725 1527 exorsus3
762 1453 803 1500 ac
831 1427 955 1522 primis
988 1451 1077 1502 mox

56 1541 175 1614 verbis
194 1530 466 1634 luculentissime
480 1542 636 1634 divinam
650 1544 839 1640 Evangelii
855 1543 987 1618 Christi
1000 1570 1076 1617 ver·

27 1658 94 1759 ‘bi
124 1657 295 1746 incarnati
327 1659 561 1751 oeconomiam
592 1681 763 1751 testatus,
800 1661 902 1734 infit:
947 1671 1076 1732 Initium

54 1783 219 1860 Evangelia·
249 1762 360 1868 Christ·
386 1786 461 1848 aun
487 1785 557 1868 ott
756 1760 759 1765 ’

130 2005 281 2102 Audeat
310 2028 399 2101 veto
433 2010 639 2108 obstrepere
667 2010 859 2108 petulantia
888 2009 1076 2083 hominum

57 2125 199 2222 ingenia
227 2126 310 2218 huic
338 2127 375 2199 in
400 2155 472 2221 una
499 2129 633 2218 Christi
661 2155 814 2226 persona
840 2129 968 2213 divinae
994 2154 1077 2203 cum

56 2245 211 2316 humana
235 2263 362 2335 natura
383 2245 614 2342 hypostaticae
640 2245 788 2341 unioni,
816 2263 921 2340 atque
948 2245 986 2315 in
1014 2243 1076 2315 du-

55 2359 157 2432 bium
195 2370 325 2433 vocare
359 2347 566 2458 mysterium
604 2388 670 2434 ceu
706 2388 733 2433 a·
762 2348 870 2458 captu*¹
902 2360 1074 2445 alienuma

48 2477 157 2558 ,cuius
177 2494 293 2548 tamen
314 2462 456 2550 minime
477 2479 672 2570 abhorrens
693 2478 731 2550 in
751 2478 973 2575 hypostatica
991 2502 1077 2550 conv

54 2593 240 2675 iunctione
258 2593 434 2680 rationalis
456 2595 579 2688 animae
597 2622 679 2672 cum
697 2621 849 2692 corpore
873 2595 1077 2688 exemplum
1159 2616 1162 2623 ·

53 2709 165 2782 habet
203 2710 313 2796 homo
349 2711 388 2803 in
421 2712 567 2811 seipso,
611 2712 680 2802 nisi
713 2731 909 2802 comparante
934 2720 1077 2797 iumentis

54 2837 297 2918 insipientibus,
335 2849 365 2900 et
392 2825 504 2915 stmili's
530 2841 643 2918 factus
676 2838 737 2899 illis
767 2825 812 2917 b)
852 2854 926 2913 esse
957 2825 1074 2898 velit:

54 2942 93 3015 in
126 2969 171 3014 eo
203 2942 307 3029 etiam
334 2945 462 3040 animal
493 2945 637 3023 brutum
673 2964 708 3017 et
741 2943 1013 3040 ingratissimum
1045 2939 1077 3013 is

54 3059 137 3147 ille,
178 3060 240 3155 qui
268 3060 352 3144 ideo
382 3062 543 3153 Verbum
571 3048 792 3150 incarnatum
815 3061 1076 3153 'hominemque

12 3166 14 3171 ’
55 3177 186 3248 lactum
212 3197 342 3274 negat,
369 3180 469 3274 quod
490 3179 673 3276 indignam
695 3178 865 3263 maiestati
891 3175 964 3248 Dei
984 3162 1076 3249 hanc

47 3292 219 3387 intimam*
243 3295 533 3387 coniunctionem
559 3323 654 3384 esse,
682 3295 818 3369 effutire
838 3321 912 3380 non
937 3293 1078 3365 erubes'·

54 3430 131 3498 cat,
161 3437 231 3506 qua
252 3414 350 3485 nulla
370 3412 482 3485 maior
507 3410 666 3495 humano
689 3412 811 3510 generi
833 3408 990 3498 accidere
1015 3433 1077 3506 po·

54 3529 124 3601 tuit
152 3528 337 3623 dignatio:
366 3555 507 3625 quaque
535 3531 620 3603 dum
648 3529 778 3603 divinae
804 3546 936 3599 naturae
958 3527 1078 3598 sumus

54 3664 242 3717 consortes
273 3647 387 3719 effecti
418 3646 517 3721 fimul
546 3647 651 3720 etiam
675 3644 845 3718 felicitatis
872 3644 945 3717 eius
975 3641 1078 3740 parti·

57 3760 177 3858 cipes,
213 3764 386 3858 regnique
421 3764 543 3837 aeterni
571 3765 609 3835 in
642 3760 737 3836 coelis
773 3790 854 3835 cum
886 3759 972 3833 Deo
1003 3760 1078 3831 iure

57 3878 181 3953 donati
231 3881 348 3952 sumus
370 3936 382 3971 ‚,
432 3891 565 3954 heredes
608 3893 730 3975 quidem
777 3890 867 3968 Dei,
918 3885 1079 3949 coheredes

89 4029 335 4107 ¹u)Lue01.8o.
433 4029 463 4104 h)
485 4031 577 4094 num.
602 4031 738 4090 XLVIII.
761 4031 805 4099 12·
994 4079 1001 4092 ,
1084 4100 1156 4288 Ι
