2460 4560
514 279 521 296 0

904 349 998 418 239.

94 483 188 545 modo
201 480 286 560 fecit
298 491 428 562 propter
447 481 606 545 Abrabam
625 494 747 562 patrem
766 486 840 546 eins.
886 485 976 545 Bene·
1005 471 1118 534 CAPUT
1208 496 1212 501 '

96 602 265 663 dictionem
292 601 426 658 omnium
451 600 589 672 gentiam
615 598 699 662 dedit
728 600 774 661 iili
804 598 976 676 Dominus,
1026 593 1103 646 Vlll·
1218 682 1221 687 ,

98 729 130 780 et
165 727 383 778 testamentum
410 712 605 790 confirmavit
623 714 722 796 saper
748 724 843 798 caput
869 710 977 788 Jacob.
992 708 1131 765 W*

98 804 341 895 Patriarcham
373 820 470 892 Isaac
502 842 756 895 commemorat
783 821 979 896 secundum

96 939 208 1014 tertio
231 937 301 1010 iam
326 938 453 1010 factam
476 936 632 1042 Abrahae
656 937 750 1036 illam
776 940 979 1037 promissio·

95 1084 214 1143 nem,
252 1082 322 1151 qua
360 1056 501 1127 demum
535 1083 593 1144 per
614 1063 822 1146 semetipsum
852 1056 979 1129 iuravit

96 1173 236 1259 Deus,
274 1191 465 1268 postquam
500 1171 614 1244 iussus·
647 1170 829 1245 immolare
863 1175 980 1247 voluit

96 1291 215 1365 filium
243 1288 341 1361 lsaac
369 1285 430 1378 o):
465 1275 693 1360 'Benedicentar'
720 1303 753 1361 in
769 1298 890 1380 semine
923 1313 978 1362 tao

96 1435 204 1478 omnes
240 1427 345 1490 gentes
379 1388 485 1492 terre,
524 1417 600 1497 quia
633 1416 760 1479 obedisti
795 1419 865 1479 voci
897 1435 976 1480 mea.
1045 1482 1046 1486 ,

95 1522 296 1597 Juramenti
315 1521 471 1593 Abrahae
491 1519 567 1619 ipse
594 1521 775 1596 Dominus
800 1525 976 1611 meminit,

97 1629 188 1714 dum
218 1632 311 1709 Gen'.
337 1638 481 1711 XXVI..
508 1639 608 1711 Isaac
632 1667 805 1737 apparens
830 1643 980 1712 eandem
1076 1639 1079 1642 ⁴
1187 1637 1189 1641 ’

96 1758 130 1830 ei
158 1755 360 1852 impertitur
386 1754 693 1842 benedictionem,
720 1756 873 1851 facitque
900 1782 982 1852 pro-

95 1860 319 1946 missionem.
371 1869 508 1943 Eadem
533 1863 636 1942 etiam
659 1871 861 1943 benedictio
889 1873 980 1944 facta

95 1993 247 2065 vivente
262 1986 379 2061 adhuc
392 1987 489 2059 Isaac
502 2006 600 2083 patre
612 1987 679 2060 fuis
693 1984 978 2064 Gen.·XXV111.

101 2132 162 2195 14.
191 2106 320 2191 Jacob,
351 2126 457 2200 quem
480 2103 641 2176 nominat
664 2107 809 2202 angelus·
831 2102 876 2177 ad
896 2106 981 2179 Ma·

96 2224 189 2298 riam
219 2223 264 2293 de
292 2221 437 2293 Christo
464 2221 539 2293 filio
568 2224 736 2296 locutus:
774 2233 817 2295 Et
843 2235 982 2309 regnabit
1071 2293 1073 2301 ,

96 2353 134 2412 in
160 2350 253 2410 domo
279 2348 376 2418 Jacob
404 2351 437 2408 in
467 2360 620 2411 aternnmi
658 2332 982 2419 Benedictionern

96 2456 247 2552 accepit
277 2455 388 2527 Jacob
413 2453 533 2550 prima
567 2475 674 2530 nocte
700 2457 818 2530 adhuc
847 2483 980 2529 recum-

96 2576 193 2648 bens
219 2573 257 2642 in
282 2593 371 2667 terra
395 2571 567 2643 Chanaan
595 2568 768 2669 promissa
798 2570 982 2662 Abrahae,

99 2718 187 2766 curn
215 2690 328 2760 fratris
353 2689 448 2760 Esau
474 2688 558 2758 iram
585 2682 725 2783 fugiens
751 2686 796 2761 ad
829 2715 983 2764 avuncu·

100 2813 178 2881 lum
212 2806 311 2877 fuum
340 2802 462 2875 Laban
487 2805 525 2875 in
555 2802 864 2903 Mesopotamiam
900 2834 1010 2881 con--

101 2923 270 2998 tenderet
289 2919 345 3012 b),
384 2924 564 3014 uideretque
585 2935 618 2993 in
627 2928 749 3011 firmnis
758 2932 883 3011 scalam
897 2930 986 3010 storr-

103 3063 167 3113 tem
192 3047 292 3128 snper
326 3060 462 3126 terram,
502 3062 533 3112 et
565 3065 709 3113 cacumen·
742 3051 826 3113 illins
859 3064 984 3128 tarnem
1020 3106 1023 3114 ,
1063 3033 1067 3039 ’
1145 3067 1149 3087 ·

103 3167 237 3230 calam:
263 3165 394 3241 Angelos
420 3185 539 3248 qnoque
567 3166 625 3228 Dei
652 3171 842 3231 ascendentes
866 3181 897 3230 et
922 3169 986 3231 des·

102 3284 262 3346 tendentes
278 3289 337 3362 pet
359 3301 449 3360 eam,
489 3295 520 3344 et
548 3282 712 3345 Dominum
737 3288 878 3346 innixam
890 3283 985 3361 scala

101 3403 255 3478 dicentem
266 3395 327 3474 fibi
339 3422 349 3458 :
376 3393 526 3478 agosin
548 3398 698 3461 Dominus
718 3398 802 3461 Dens
827 3399 987 3461 Abrabam

97 3519 212 3600 patris
235 3518 302 3592 tui,
329 3529 360 3578 et
381 3516 465 3578 Dens
493 3517 602 3577 Isaac:
630 3528 763 3592 terram,
789 3519 822 3576 in
839 3534 903 3597 qua
920 3517 987 3576 dor·

104 3637 187 3710 mis,
209 3633 265 3693 tibi
284 3634 362 3694 dabo
378 3616 522 3711 etfimini
539 3646 605 3696 tao,
634 3631 872 3714 Eritquesemsn
889 3642 988 3712 tuum,

102 3753 201 3837 quasi
217 3750 326 3828 paleis
346 3763 448 3811 terra:
472 3751 650 3812 dilataberis
670 3751 714 3811 ad
733 3751 936 3828 Occidentem,
959 3760 989 3816 tt

104 3869 283 3943 Orientem,
318 3879 349 3929 et
373 3867 629 3948 Septentrionem,
665 3879 695 3928 et
732 3864 919 3930 Meridiem:
955 3879 987 3932 et

146 4008 181 4084 a)
207 4007 270 4083 Gn·
295 4005 405 4070 xxii.
433 4017 474 4071 n.
584 4009 613 4085 s)
636 4007 676 4114 n.
701 3992 857 4073 xxnnt.
