2460 4560
309 367 382 436 290
422 326 440 411 ’.

171 497 286 558 CAPUT
313 495 414 567 Deus
426 485 844 585 obtemperet,humilitas
855 484 999 581 absque
1012 491 1184 585 exemplo:

119 672 123 685 .
188 614 278 668 XVH·
313 632 347 685 et
369 610 467 706 quod
494 606 578 678 Deo
594 603 739 676 foemina
755 600 982 698 principetur
1003 604 1188 677 sublimitas

157 729 381 800 ”vvfine
398 723 496 796 [ocio
507 777 535 792 ..
551 778 558 791 .
586 718 768 792 Erubesce
784 742 870 811 ergo
888 717 1006 791 cinis!
1036 719 1141 796 Deus
1157 747 1188 792 se

307 840 496 927 humiliat,
540 854 717 910 ettamen
746 852 844 905 tute
879 836 1099 908 exaltas?“
1148 818 1189 909 Et

304 959 389 1030 alibi
415 954 478 1046 a):
520 953 587 1043 „O
615 950 808 1035 humilitas,
835 949 959 1023 virtus(
971 951 1134 1027 Christi!
1157 955 1189 1026 Ο

307 1072 513 1146 humilitatis
538 1067 748 1143 sublimitas!
777 1086 965 1163 >quantum
1003 1071 1189 1142 confundis

136 1235 139 1240 -
165 1195 182 1226 ⁸
307 1172 506 1285 superbiam
531 1204 657 1257 nostrae
682 1181 876 1255 vanitatis?
904 1182 1042 1258 Parum
1063 1184 1189 1282 aliquid

309 1307 404 1391 scio,
439 1307 495 1374 vel
523 1301 633 1396 magis
659 1301 745 1371 scire
773 1298 857 1369 mihi
885 1299 1043 1391 videor,
1071 1323 1108 1376 et
1129 1305 1186 1373 iam
1221 1283 1226 1389 i

309 1424 407 1494 stlere
423 1446 495 1490 non
513 1440 678 1514 possum,
703 1415 932 1511 impudenter
945 1443 1007 1489 me
1024 1441 1060 1492 et
1070 1420 1187 1517 impru-

226 1568 229 1572 ⁴
298 1541 432 1610 :denter
459 1537 621 1629 ingerens
649 1552 684 1603 et
711 1551 911 1620 ostentans,
951 1555 1118 1630 promtus
1147 1536 1185 1606 ad

309 1652 554 1750 loquendum,
589 1653 700 1722 velox
730 1651 776 1720 ad
806 1649 1042 1741 docendum,
1079 1652 1183 1726 tardus

313 1773 359 1843 ad
380 1769 606 1842 audiendum.
621 1769 643 1805 ‘⁶

390 2005 539 2102 Repetit
559 2020 664 2074 mox:
691 2003 816 2082 JESUS
828 2008 1020 2092 proficiebat
1029 2009 1177 2096 firpieutiu,
1224 2030 1228 2070 t

313 2137 344 2194 et
367 2145 470 2206 atate,
498 2140 529 2192 et
545 2129 670 2205 gratia,
697 2118 797 2212 quod
821 2120 931 2212 paulo
953 2140 1040 2192 ante
1063 2121 1178 2193 dixerat
1225 2147 1228 2187 r

313 2236 558 2330 Evangelista,
577 2257 724 2329 puerum
740 2223 853 2304 autem
870 2234 1047 2324 crevisse,
1070 2256 1103 2310 et
1115 2261 1178 2309 con·
1225 2236 1228 2303 Ι

312 2354 479 2425 fortatum
501 2351 605 2421 fuisse
625 2354 769 2445 plenum
788 2350 976 2445 sapientia,
1001 2375 1038 2427 et
1055 2353 1178 2450 gratiam
1224 2375 1228 2416 ε

313 2467 388 2540 Dei
410 2467 512 2538 fuisse
541 2464 576 2534 iu
602 2458 672 2536 illo.
724 2466 925 2558 Quomodo
951 2486 1075 2541 autem
1100 2467 1179 2542 Chri·
1224 2494 1229 2560 Ι

314 2592 388 2656 stus'
409 2583 614 2680 profecerit,
629 2605 702 2654 nou
723 2585 843 2654 eadem
868 2601 937 2668 est,
960 2584 1104 2682 fuitque
1118 2586 1181 2657 doc·
1224 2584 1229 2653 i

317 2722 433 2774 torum
462 2699 731 2771 christianorum
759 2698 937 2770 sententia.
995 2702 1110 2795 Quod
1135 2725 1180 2798 per
1225 2725 1229 2766 t

315 2843 353 2889 se
378 2821 489 2912 palam
515 2836 586 2902 est,
615 2816 842 2911 quaestionem
865 2817 1103 2892 solummodo
1126 2842 1181 2891 esst
1226 2844 1229 2882 r

315 2950 422 3029 posse
443 2933 486 3003 de
507 2934 659 3004 humana
683 2953 804 3005 natura
824 2931 953 3003 divinae
970 2933 1182 3033 hypostatice

315 3050 414 3122 uuita
440 3049 475 3118 iu
505 3049 668 3134 Christo,
696 3063 726 3119 itt
752 3078 811 3141 quo
824 3055 902 3135 sunt
925 3072 1036 3123 omnes
1067 3061 1183 3124 thesauri
1229 3088 1230 3100 r

304 3175 466 3255 sumentia
497 3184 527 3233 et
543 3171 681 3250 scientia
707 3176 874 3236 absconditi
902 3160 964 3251 b),
1009 3167 1182 3262 quomodo
1228 3201 1230 3227 ι

292 3284 387 3394 ‘sese
412 3305 474 3374 per
498 3278 714 3352 incrementa
737 3282 843 3351 aetatis
876 3284 1083 3370 exeruerit,
1110 3282 1183 3357 tacit·

260 3471 263 3478 ,
315 3424 385 3494 que
407 3392 451 3466 ad
474 3395 620 3467 sublime
646 3397 733 3468 illud
756 3397 792 3466 iu
817 3397 1022 3491 Evangelio
1051 3399 1182 3482 Christi,
1229 3476 1230 3484 ,

315 3540 352 3588 ut
375 3535 434 3585 nott
453 3523 525 3602 plus
544 3521 679 3603 sapere,
704 3510 808 3604 'quum
842 3534 963 3602 oportet
977 3522 1122 3605 sapere,
1140 3506 1195 3607 sti
1229 3567 1230 3583 r

303 3641 419 3720 supere
452 3637 495 3698 od
508 3626 710 3717 fiabrietottm
739 3623 773 3719 c)
803 3628 1002 3714 discamus,
1041 3635 1182 3727 quando

317 3747 462 3841 quidem
505 3744 684 3822 Christum
724 3745 915 3842 profecisse
952 3747 1130 3841 sapientia
1151 3765 1181 3847 'et

358 3925 388 3999 t)
410 3926 442 3978 Irr
466 3918 553 3997 Epiph.
576 3920 654 3986 tarn.
680 3919 721 3987 II.
741 3943 766 4001 Ρ·
792 3936 852 3997 799·
944 3922 974 4001 ⁶)
1003 3928 1092 3994 cotors.
1116 3929 1152 3996 Η·

403 4010 434 4080 e)
455 4004 526 4063 Rom.
551 4008 620 4067 xlt-
643 4025 667 4080 3.
