2460 4560
252 342 356 430 316.

105 478 220 542 ΒΑΜ
250 490 466 564 Matthaeum
488 482 548 575 a):
575 487 650 574 „In
673 486 841 559 omnibus
860 487 1119 579 tentationibus,

125 598 190 658 XX·
247 608 384 703 inquit,
410 606 481 677 hoc
507 603 579 700 agit
608 603 790 690 diabolus,
813 623 854 677 ut
879 605 1074 704 intelligat,
1096 609 1119 680 si

92 703 356 799 vvvpffius
380 721 454 796 Dei
477 721 536 794 fit:
562 718 830 801 sefflominus
849 722 900 795 fic
927 726 1119 822 responsio

230 839 233 845 ’
250 868 331 916 nem
344 859 534 939 temperat,
552 856 591 914 ut
605 862 683 913 eum
696 837 876 940 relinquat
886 841 1100 937 ambiguum.

1101 843 1119 876 (ὅ

249 959 414 1054 Spectata
442 955 605 1029 nimirum
630 954 730 1026 litera
753 973 918 1044 tantum,
944 978 989 1030 ut
1015 985 1118 1030 exem·

248 1079 311 1172 plo
347 1076 473 1147 satanae
499 1074 616 1164 ,facere
645 1071 760 1142 solent
791 1048 869 1150 fin?
890 1075 1116 1147 tenebrarum.

249 1193 285 1264 Si
314 1191 408 1264 enim
429 1188 586 1286 spiritum
610 1186 803 1259 verborum
831 1188 973 1266 Christi
997 1217 1115 1281 assecu-

248 1309 447 1415 tusssfuisset
462 1298 576 1391 satan,
610 1303 814 1399 agnovisset
829 1330 877 1375 ex
891 1307 1114 1404 responsione

249 1425 365 1522 prima
399 1423 435 1494 in
472 1421 617 1493 Christo
646 1419 795 1498 verbum
821 1419 915 1496 illud
947 1423 1115 1511 divinum,

203 1559 207 1566 '
249 1554 333 1634 quod
351 1549 493 1630 procedit
521 1548 558 1608 de
582 1565 633 1607 ore
652 1546 735 1634 Dei.-
763 1556 798 1608 et
824 1537 945 1611 adhue
968 1541 1115 1613 manifes-

248 1657 317 1730 tius
343 1657 378 1728 in
408 1655 559 1728 secunda
586 1652 819 1756 responsione
837 1655 1068 1752 redargutum
1084 1684 1115 1730 se

217 1814 220 1818 ·
249 1773 498 1865 intellexisset,
526 1771 627 1869 quod
642 1779 808 1850 Dominum
830 1779 934 1842 Deum
947 1781 1047 1860 suum
1065 1798 1115 1846 tnr-

250 1915 319 1964 tare
352 1889 388 1961 in
422 1888 566 1961 Christo
599 1894 687 1965 non'
708 1906 798 1961 esset
828 1889 1033 1962 reveritus:
1073 1889 1113 1961 uti

249 2008 352 2078 etiam
377 2005 412 2076 in
435 2004 534 2076 tertia
556 2001 766 2090 tentatione,
793 2005 1036 2098 responsione
1057 2008 1113 2079 luc

249 2131 415 2192 Dominum
428 2130 531 2191 -Deum
547 2141 653 2208 tutem,
680 2145 786 2214 quem
809 2139 847 2190 tu
866 2140 985 2194 tentas
999 2180 1008 2212 ,
1035 2111 1072 2198 ut
1085 2144 1114 2195 te

248 2239 396 2325 adoret,
422 2245 588 2328 adorabis,
615 2258 645 2315 ct
669 2249 728 2327 ipsi
745 2244 811 2325 fiili
824 2246 960 2325 servies.

765 2414 790 2452 ἢ

208 2533 209 2537 ,
319 2471 393 2544 Jam
415 2468 517 2569 lupia
537 2496 582 2541 ex
604 2468 793 2564 signatio
812 2470 873 2547 M,
897 2474 1112 2562 notavimus,

242 2614 400 2684 quocum
420 2589 451 2659 S.
471 2586 622 2671 Hilarius
646 2586 775 2689 aliique
797 2586 920 2664 Patres
943 2592 1132 2677 sentiunt,'

242 2705 423 2777 diabolum
453 2702 593 2777 latuisse
618 2700 866 2784 incarnationis
889 2710 1110 2802 mysterium

241 2821 522 2917 experimentum
554 2839 670 2892 autem
706 2844 829 2916 capere
867 2823 989 2896 voluit
1023 2825 1112 2896 mira·

239 2941 340 3024 culo,
367 2939 468 3034 quod
486 2937 529 3024 ad
548 2937 759 3019 creationem
777 2936 945 3031 proxime
963 2941 1110 3027 accedit,

238 3054 268 3124 si
294 3055 449 3149 lapidem
470 3053 507 3132 in
528 3078 658 3147 panem
684 3071 842 3126 mutaret.
895 3054 1111 3157 Respondet

237 3190 353 3242 autem
381 3166 543 3248 Christus
573 3194 618 3240 ex
651 3170 796 3269 Moyse
811 3166 872 3259 b),
909 3199 976 3278 per
1010 3163 1117 3271 quem¹

236 3287 321 3360 olim
349 3285 453 3369 Deus
479 3286 650 3369 Israelitas
677 3287 713 3357 in
743 3287 883 3360 desert‘o
910 3315 1048 3366 manna
1071 3293 1110 3363 de

236 3407 327 3477 coelo
339 3403 446 3487 misso
461 3404 621 3492 nutrivit,
645 3429 665 3478 a
685 3429 758 3503 quo
775 3405 851 3479 haec
871 3406 1005 3496 verba,
1031 3410 1110 3482 dum

234 3522 270 3593 in
290 3521 576 3594 Deuteronomio
593 3520 689 3603 istud
707 3520 798 3602 inter
818 3521 916 3604 varia
938 3524 1111 3608 beneficia

236 3638 356 3711 divina
375 3618 512 3737 populo
534 3638 583 3710 ob
601 3641 726 3711 oculos
743 3659 911 3734 poneret,
934 3642 1021 3723 lunt
1038 3669 1113 3741 pro·

234 3755 325 3824 lata:
370 3767 437 3827 Non
468 3768 501 3839 in
522 3765 593 3845 solo
617 3783 702 3846 pane
731 3769 815 3827 vivit
845 3765 960 3853 ltomo,
988 3769 1055 3858 sed
1081 3772 1109 3831 in

232 3882 315 3939 omiti
334 3861 427 3942 verbo
441 3884 560 3979 „quod
578 3883 719 3965 procedit
739 3883 775 3942 de
797 3902 848 3944 ore
872 3883 942 3947 Dei.
997 3875 1109 3951 Disci-

273 4020 358 4089 n)-T.
385 4020 436 4082 IV.
457 4033 482 4089 p.
513 4037 552 4081 12.
606 4024 672 4100 ob)
696 4025 798 4084 Denter.
827 4025 910 4086 11111.
937 4039 963 4094 ς.
