2460 4560
115 387 282 456 -1521
564 353 794 420 Ξ

165 515 278 603 istud,
307 534 342 588 et
365 525 416 588 est
435 512 592 586 mirabile
611 514 648 585 in
675 514 788 586 oculis
812 512 969 587 nostris?
996 515 1087 589 Ideo
1109 515 1180 595 dim

163 634 294 720 vobis,
332 633 414 728 quia
445 632 618 704 auferetur
651 657 671 703 a
700 631 805 702 vobis
839 633 1122 727 regnumeei,
1156 654 1183 708 et

167 751 308 822 dabitur
331 747 428 843 genti
449 747 589 818 facienti
609 749 743 820 fructus
767 747 851 819 eius.
862 752 884 786 “
936 749 1026 848 Non
1053 771 1106 825 est
1123 734 1184 824 ulla
1220 788 1224 810 ι

167 885 237 938 tarn
259 865 451 962 conspicua
475 864 585 936 oculis
607 865 735 938 nastris
759 849 948 961 prophetia
968 867 1040 939 sive
1064 869 1185 940 veteris
1208 877 1211 882 ’

16 1007 17 1014 “
46 1044 60 1073 ,.
166 984 238 1057 sive
262 981 348 1053 novi
380 982 579 1055 testamenti
610 979 646 1053 in
674 981 873 1075 Evangelio
905 981 998 1076 (ubi
1030 984 1186 1060 Christus

166 1096 213 1170 ita
236 1098 425 1171 defuturis
447 1099 552 1205 rebus
575 1096 674 1192 loqui
698 1098 804 1183 solet,
831 1099 929 1171 sicuti
950 1127 1019 1174 nos
1042 1103 1089 1174 de
1110 1128 1190 1199 prae·

165 1214 302 1304 teritis)
329 1240 435 1309 quam
466 1216 541 1285 hacc
568 1214 612 1289 dc
643 1216 778 1308 templo
809 1215 1055 1306 destruendo,
1096 1222 1187 1316 syna·

164 1357 330 1428 gogaque
358 1331 586 1429 repellenda,
624 1357 664 1401 ae
697 1335 792 1403 cultu
830 1331 1006 1420 ludaico;
1047 1338 1188 1418 ecclesia

140 1462 253 1524 ¹ve'ro
289 1447 419 1520 Christi
454 1447 527 1519 eius
557 1440 640 1520 loco
672 1446 919 1520 constituenda
951 1448 987 1521 in
1023 1452 1186 1524 universo

163 1567 322 1641 mundo:
352 1565 451 1660 quod
474 1565 531 1637 ille
559 1563 694 1635 mulieri
717 1563 937 1636 Samaritanae
966 1586 1038 1641 tam
1061 1546 1191 1667 perspi·

58 1769 61 1775 ¹
165 1711 258 1772 cue,
299 1669 427 1756 ludaeis
463 1681 546 1752 item
583 1681 686 1753 toties
718 1682 911 1777 pracsertim
942 1683 978 1756 in
1013 1687 1187 1782 parabolis

164 1801 352 1900 praedixit,
390 1798 577 1896 primoque
609 1819 692 1895 post
723 1800 969 1898 triumphalem
996 1800 1035 1872 in
1067 1803 1186 1880 urbem

72 1948 75 1951 “
164 1919 362 2014 ingressum
374 1918 410 1989 in
425 1917 494 1989 ficu
510 1917 658 1986 arelacta
674 1915 871 2010 designavit
886 1915 962 2003 die,
980 1915 1077 1993 idem
1091 1919 1186 2014 quod

163 2033 234 2111 iam
262 2053 364 2106 antea
391 2032 560 2129 parabola
585 2057 728 2128 quoque
756 2032 800 2103 de
824 2033 949 2122 arbore
974 2034 1058 2122 fici,
1085 2051 1187 2131 quam

164 2159 293 2245 hahebat
316 2160 443 2240 qnidam
460 2159 643 2238 plantatam
665 2161 697 2218 in
723 2160 816 2219 vinea
828 2156 912 2236 fita,
930 2134 981 2221 ..et
1000 2165 1090 2237 uenit
1116 2178 1187 2245 qua·

163 2264 393 2357 rens'fructum
418 2278 451 2359 in
471 2274 542 2352 ila,
571 2286 602 2339 et
623 2292 683 2369 non
703 2278 822 2338 invenit
842 2263 900 2356 a),
929 2267 1140 2346 excidenda.

238 2496 291 2592 At
322 2526 409 2575 vero
437 2503 534 2597 spem
574 2499 678 2573 nobis
709 2503 794 2575 facit
830 2497 993 2574 Christus
1024 2529 1073 2576 ,eo
1108 2497 1184 2601 ipso

84 2621 86 2624 ’
162 2620 269 2707 loco,
305 2643 401 2715 quo,
437 2646 497 2691 eos
528 2639 747 2716 postremum
774 2601 967 2705 allocutus,
1005 2619 1097 2693 dixit
1122 2617 1184 2710 b):

72 2722 75 2728 ¹
133 2767 135 2770 ⁴
163 2748 239 2809 Eece
261 2748 447 2827 relinquetur
467 2745 556 2806 nobis
577 2746 683 2806 eiomus
701 2757 807 2807 vestra
830 2746 965 2820 deserta,
993 2735 1079 2808 dum
1102 2761 1185 2810 mox

161 2853 302 2926 subdit:
339 2861 417 2922 Dico
445 2865 523 2924 enim
553 2862 663 2939 uubis,
701 2881 760 2923 non
794 2881 841 2923 me
874 2860 1020 2927 videbitis
1055 2865 1184 2938 amodo,

162 2982 254 3053 donec
275 2982 414 3041 dicatis:
444 2979 639 3054 Benedictus,
664 2981 718 3059 qui
741 2981 829 3038 venit
853 2981 886 3037 in
910 2980 1028 3040 nomine
1051 2977 1184 3040 Domini.

164 3090 249 3186 Spes
278 3087 422 3181 inquam
449 3086 494 3156 ad
521 3087 823 3179 complementum
845 3083 974 3157 divinae
997 3084 1184 3183 Evangelii

164 3204 295 3287 Christi
333 3201 540 3274 oeconomiae
570 3203 754 3296 superest,
798 3220 836 3272 ut
870 3201 930 3295 qui
964 3201 1077 3274 verba
1112 3204 1186 3274 haec

163 3326 399 3395 acclamarunt
418 3319 530 3391 ludaei
551 3318 587 3390 iu
608 3317 808 3413 triumphali
825 3316 984 3412 ingressu
1005 3316 1043 3388 in
1063 3317 1186 3391 Hieru-

16 3428 40 3465 ⁵
120 3445 269 3534 'saleru
296 3457 377 3509 ante
403 3438 498 3508 luam
525 3435 727 3531 passionem
751 3430 807 3523 c),
843 3433 937 3505 idem
963 3435 1090 3509 facturi
1123 3437 1184 3507 sint

163 3558 208 3630 ad
248 3555 429 3626 Christum
470 3553 600 3627 reversi
639 3534 954 3625 ante·secundum
992 3552 1183 3625 adventum

90 3650 92 3657 ,
163 3677 262 3746 suum
288 3672 332 3741 ad
352 3656 543 3743 iudicium:
570 3688 609 3740 ut
627 3672 738 3741 totum
760 3667 965 3764 impleatur,
987 3669 1095 3763 quod
1118 3666 1180 3740 iam

58 3885 62 3892 ,
163 3777 348 3886 impletum
376 3813 494 3881 eoram
520 3805 690 3883 exparte
718 3784 918 3872 cernimus,
957 3787 1059 3880 quod
1086 3785 1180 3859 lesus

204 3971 241 4048 n)
272 3971 340 4132 inc}
364 3968 468 4116 {lg-1
486 3973 512 4039 6³
622 3969 661 4047 i)
690 3969 790 4031 Mutet.
817 3967 946 4047 XXIII·
973 3977 1017 4037 38.

249 4075 264 4109 c
332 4071 354 4111 a.
467 4094 475 4113 .
504 4068 530 4120 9.
1025 4076 1035 4091 '

68 4134 223 4288 ῃ,
