2460 4560
115 294 212 407 Μ’
512 314 744 367 Ξ

112 487 221 562 gunt,
253 473 427 564 pauperes
448 465 750 562 evangelizantur:
779 486 815 540 et
834 466 958 546 beatus
977 488 1052 558 est,
1074 470 1127 566 qui

83 631 86 637 ·
114 611 191 656 non
217 587 321 659 fuerit
344 584 593 686 scandalizatus
621 585 657 657 iu
682 587 785 658 me.“
848 585 1128 669 Offendebautur

41 692 65 758 ⁰·
93 700 281 775 ¹nimirum
309 700 432 775 humili
463 726 503 773 ac
533 727 690 801 paupere
721 700 853 773 Christi
884 719 920 774 et
945 700 1130 800 discipulo·
1159 696 1162 700 i

112 844 192 890 rum
219 817 292 891 eius
320 817 546 904 conditione,
582 817 797 891 maiestatem
824 816 958 914 regiam
982 819 1127 898 Messiae

112 934 254 1009 infolio
275 933 398 1009 David
417 935 512 1031 apud
534 933 818 1032 Hierosolymam
846 935 883 1004 in
903 954 1038 1021 monte¹
1050 937 1126 1009 Sion

113 1051 372 1137 desiderantes3
391 1077 472 1124 cum
486 1070 632 1122 econtra
645 1070 828 1161 cernerent
836 1074 1018 1149 pauperes
1033 1079 1128 1126 evan·

50 1248 71 1272 x
102 1166 272 1262 'gelizari,
290 1167 470 1240 Christum
489 1165 653 1240 nimirum
671 1167 715 1257 ad
734 1166 1002 1263 praedicandum
1019 1169 1127 1242 Evan-

111 1282 242 1378 gelium
278 1276 545 1369 concursantem
579 1283 697 1355 turbas
726 1302 761 1357 et
791 1284 963 1358 abiectam
991 1285 1126 1383 plebem

112 1400 231 1495 sequi,
257 1400 403 1499 insuper
427 1420 463 1472 et
484 1419 699 1500 peccatores.

188 1634 309 1708 Statim
334 1655 523 1737 postquam
549 1633 740 1730 piscatores
766 1633 905 1723 vocati,
920 1661 1017 1708 ¹eum
1037 1636 1124 1710 relic·

109 1751 154 1826 tis
169 1753 321 1840 retibus,
333 1753 440 1825 secuti
459 1773 576 1824 essent
591 1748 649 1841 a),
667 1761 816 1822 circuibat
830 1761 920 1830 Jesus
933 1752 1036 1824 totam
1053 1764 1126 1826 Guli-

105 1880 216 1958 laum,
244 1881 351 1943 doceas
374 1883 407 1940 ia
418 1876 589 1958 synagogis
612 1897 745 1956 eorum,
759 1888 790 1939 e't
804 1879 975 1959 predicans
992 1879 1126 1956 Eonngt·

111 1996 187 2056 lium
212 1999 294 2070 regat
317 2012 391 2058 non
422 1984 525 2056 huius
554 1985 690 2070 sacculi,
714 2010 790 2056 non
813 1983 941 2057 terreni
962 1986 1123 2081 perituri,

37 2179 60 2185 ,Α
110 2101 171 2172 sed
193 2101 342 2197 coelestis
369 2101 508 2186 aeterni,
544 2121 574 2171 et
589 2110 711 2188 sanans
739 2129 855 2172 omnem
878 2112 1074 2189 luraquorem,
1098 2123 1125 2175 et

110 2229 227 2288 omnem
250 2224 460 2302 infirmitatem
485 2228 518 2285 in
535 2227 663 2305 populu.
714 2217 763 2287 Et
790 2215 874 2288 abiit
897 2218 1026 2314 opinio
1057 2221 1125 2292 eius

110 2331 149 2403 in
166 2351 275 2405 totam
295 2332 445 2431 Syriam,
465 2350 564 2402 extra
575 2331 664 2403 fines
678 2332 920 2428 Judaeae„qoo
935 2334 1124 2430 aliquando

109 2474 176 2544 per
198 2467 310 2520 totum
334 2448 458 2519 orbem
481 2448 747 2544 praedicandum
772 2469 806 2524 et
824 2450 1123 2524 disseminandum

109 2565 441 2660 erat,Evangelium
468 2565 537 2637 hoc
563 2566 663 2664 regni
693 2565 861 2653 coelestis,
900 2617 922 2652 „
935 2587 969 2639 et
991 2569 1124 2641 obtule·

107 2702 191 2756 runt
210 2682 242 2753 ei
267 2708 391 2754 omues
411 2685 500 2752 male
528 2681 719 2768 habentes,
746 2681 849 2754 variis
872 2685 1121 2778 languoribus,

109 2818 145 2871 et
167 2799 350 2871 tormentis
376 2799 675 2893 comprehensos,
713 2817 747 2870 et
777 2799 838 2894 qui
865 2799 1044 2874 daemonia
1070 2802 1122 2872 ha·

106 2914 256 3002 bebant,
277 2934 311 2987 et
328 2916 521 3001 lunaticos,
541 2933 575 2985 et
592 2915 824 3012 paralyticos,
846 2935 881 2988 et
897 2918 1034 2990 curavit
1054 2945 1132 2990 eos:

33 3008 40 3023 i
105 3034 153 3106 Et
174 3034 299 3106 secutae
325 3033 406 3115 sunt
431 3058 510 3103 eum
537 3033 648 3104 turbae
679 3036 796 3105 multae
823 3033 868 3104 de
895 3032 1065 3121 Galilaea,
1091 3051 1120 3104 et

106 3147 301 3246 Decapoli,
330 3148 426 3220 etde
451 3146 699 3244 lerosolymis,
728 3148 829 3221 etde
853 3149 993 3236 Judaea,
1022 3171 1058 3223 et
1080 3151 1128 3221 de.

107 3287 199 3338 trans
221 3266 455 3346 lordanem,‘.‘
504 3263 597 3337 Cum
616 3264 711 3338 idem
728 3266 957 3360 Evangelista
974 3291 1118 3364 vespere
1156 3264 1159 3270 ’

105 3385 261 3478 quodam
285 3384 379 3454 facto
407 3381 587 3467 Christum
609 3378 735 3457 omnes
754 3386 846 3455 male
866 3382 1039 3456 habentes
1067 3410 1119 3456 cu·

103 3526 196 3570 rasse
222 3479 411 3572 narrasset:
440 3499 567 3572 addita
583 3522 619 3571 ut
642 3510 876 3591 adimpleretur,
900 3510 1118 3591 preadictum

102 3639 147 3688 est
171 3644 230 3705 per
258 3627 374 3688 Isaram
398 3626 584 3707 prophetam
616 3627 785 3696 dicentem:
827 3627 894 3706 lpse
925 3623 1123 3701 infirmitates·

101 3755 221 3804 nostrus
241 3746 374 3821 accepit,
402 3756 432 3805 et
455 3745 664 3820 aegrotationes
688 3753 809 3803 nostrus
824 3745 983 3822 portauit.
1036 3733 1118 3805 Fac·

100 3871 174 3920 tum
205 3849 275 3920 hoc
304 3849 370 3919 fuit
397 3850 434 3919 in
466 3852 576 3924 domo
606 3849 722 3938 Petri,
759 3857 953 3947 postquam
980 3851 1117 3925 socrum

139 4000 169 4065 a)
189 4000 288 4055 hareth.
314 3999 368 4060 IV.
395 4012 438 4066 aa.
474 4003 477 4011 '

24 4200 129 4272 ι

131 4252 138 4265 Ι
