2460 4560
151 332 331 442 habent
356 340 478 431 enim
515 366 734 454 amoenam
770 336 1002 458 quamdam
1018 339 1043 442 ζ’
1065 336 1179 436 Deo

130 463 356 578 ¹dignam,
406 468 757 588 mortalibusque·
784 461 893 566 ‘nun'
938 470 1177 592 adsequen-

114 614 116 621 ’
149 594 250 683 dam
279 594 599 714 simplicitatem
621 605 929 702 coniunctam,
960 629 1056 716 quae
1080 597 1179 687 alli·

148 727 244 814 ciat.
314 727 421 843 Spes
463 728 629 827 fructus
666 728 927 845 amplissimi
963 731 1075 821 Vos.
1092 732 1179 817 eri-

149 870 247 967 gat,
285 887 415 971 quem
442 887 523 954 nec
548 888 698 974 vurrugo
726 888 806 948 nec
838 865 954 956 tinea·
981 883 1175 946 corrum-

148 998 235 1099 pet.
299 983 452 1079 Simile
491 992 705 1078 nimirum
742 1003 809 1085 est
847 988 1043 1078 Verbum
1079 987 1175 1077 Dei

26 1168 29 1177 ,
125 1133 126 1136 ‘
148 1138 284 1226 grano
299 1113 496 1241 sinapi&
535 1120 652 1236 quod·
679 1123 879 1234 quumvis
905 1122 1175 1218 minimum,

148 1246 198 1330 in
215 1238 426 1396 arborem
451 1263 598 1342 tamen
621 1262 871 1364 temporum
893 1247 1076 1343 decursu
1098 1273 1175 1334 ex·

135 1378 330 1487 urescit,
359 1389 486 1525 atqup
509 1381 642 1473 ramis
667 1380 935 1503 exporrectis
957 1403 1070 1488 vago
1095 1403 1172 1463 uo-

147 1498 320 1600 lucrum
358 1535 415 1594 cae
419 1510 482 1594 tui
521 1504 692 1621 asylum
729 1500 902 1621 praebet
966 1503 1171 1599 comem-

147 1646 276 1732 natur
304 1631 430 1736 licet,
459 1634 788 1753 derideaturque
803 1698 813 1736 ‚
831 1631 938 1731 'fieri
959 1632 1058 1730 iane
1077 1648 1172 1721 non

147 1776 318 1878 potest,
355 1769 462 1880 quin
498 1764 664 1863 fructus
706 1756 883 1864 demum
919 1766 1170 1858 uberrimos

146 1891 282 1994 ferat,
311 1909 401 1991 tam
429 1892 656 1996 Ecclesiae,
684 1925 814 2011 quam
839 1889 1088 2010 reipublicae
1112 1888 1169 1979 sa-

147 2019 321 2121 lubres,
360 2028 575 2141 praecipue
610 2028 659 2112 in
686 2025 890 2115 cordibus
916 2037 1076 2120 tenerae
1106 2025 1168 2109 iu-

148 2155 342 2248 ventutis
369 2148 516 2250 satum,

230 2407 475 2500 Cussabunt
512 2405 655 2510 mala,
696 2406 855 2526 quibus
883 2412 1167 2533 premimur,

146 2552 325 2653 quaeque
351 2537 606 2666 irreligiosa
634 2553 680 2629 et
707 2537 894 2629 effraenis
923 2535 1164 2639 sentiendi,

142 2658 443 2784 'scribendique
480 2667 660 2757 libido
646 2698 695 2766 rn
722 2670 976 2758 mundum
963 2672 1163 2768 inuexit,

143 2796 320 2897 redibit·
288 2810 430 2912 tpux
470 2798 621 2896 aurea
643 2812 687 2888 et
729 2827 904 2894 morum
937 2799 1084 2912 probit
1085 2824 1162 2898 66,

141 2922 269 3026 suum
307 2928 464 3053 cuique'
502 2928 667 3026 trib'uet
650 2942 747 3028 t‚ur
788 2931 879 3015 ium
911 2929 1020 3042 ipsis
982 2923 1161 3019 issum-

140 3062 228 3147 mis
264 3050 536 3175 principibus
567 3064 617 3145 in
652 3058 698 3154 id
733 3059 941 3159 intentu,
977 3069 1034 3145 ut·
1065 3053 1160 3144 reii-

144 3191 268 3300 gioni
303 3188 475 3286 debitus
504 3187 761 3283 exhibeatur
790 3185 958 3286 honor,
981 3194 1040 3273 ‘ac
1070 3185 1158 3275 hie·

46 3372 56 3391 2
141 3318 390 3418 rurcharum
419 3322 514 3407 iura
541 3314 817 3443 postliminio
845 3310 1114 3405 revoceritur.

217 3538 384 3677 Verum
410 3605 546 3692 quum
570 3590 687 3690 neque
713 3586 781 3688 66ιὶ
802 3583 985 3684 plantat,
998 3577 1060 3699 stt
1086 3583 1157 3663 uli·

136 3715 255 3823 quid,
285 3740 402 3817 neque
430 3717 499 3819 qui
525 3717 662 3831 rigat,
680 3704 758 3819 sed
782 3714 850 3817 qui
874 3714 1156 3792 incrementum

114 3847 207 3935 ‘friat
244 3840 382 3935 Deus,
420 3832 454 3931 I.
492 3834 588 3930 Cor
624 3833 742 3923 XIV
778 3862 845 3950 7.;
882 3846 1011 3949 utque
1046 3870 1155 3924 omne

128 3942 270 4054 dutum
306 3975 519 4075 optimum,
554 3992 595 4053 66
629 3999 735 4052 omne
768 3974 925 4052 donum
922 3963 1154 4080 perfectum
