2460 4560
336 406 339 411 .
860 348 931 418 255
987 423 992 433 ,

56 475 91 548 8.
122 466 279 549 lustinus
308 471 368 546 Μ.
398 472 590 546 Antonino
616 474 682 548 Pio
703 469 738 547 in
762 473 872 573 Apol.
906 502 934 550 r.
957 477 1069 541 cirus

60 585 183 665 xcurate
215 591 379 664 describit
405 589 614 662 Bethlehem
640 594 758 664 locum
782 594 938 666 nativita·
998 597 1034 656 X·

56 708 103 781 tis
126 707 280 779 Christi:
317 707 413 793 „Est
439 726 578 792 autem,
612 706 726 802 inquit
751 707 807 800 a),
835 710 1089 783 vicusW*

45 823 204 919 .quidam
227 823 261 893 in
294 842 383 894 terra
406 820 630 909 ludaeorum,
652 823 768 895 stadiis
795 826 939 922 triginta

59 938 221 1036 quinque
254 938 511 1034 Hierosolymis
544 938 699 1024 distans,
739 941 800 1012 ubi
833 963 934 1016 natus

59 1074 114 1126 est
148 1055 246 1127 Jesus
279 1053 457 1140 Christus,
497 1040 798 1149 quemadmodum
826 1079 859 1130 et
890 1079 936 1132 ex

55 1166 359 1266 ‘descriptionibus
380 1195 505 1242 census
527 1170 657 1243 discere
671 1173 837 1268 potestis,
856 1195 935 1267 quae

58 1286 126 1360 sub
152 1286 328 1383 Cyreni0‚
355 1286 471 1381 primo
496 1307 617 1359 vestro
641 1288 677 1359 in
705 1289 824 1360 Judaea
852 1314 938 1385 prae·

59 1403 162 1489 side,
208 1405 369 1495 conlecta
407 1406 534 1475 lunt.“
612 1404 660 1475 Et
693 1405 936 1480 Tertullianus

59 1539 185 1592 contra
212 1520 462 1591 Marcionem:
490 1520 567 1606 „de
590 1545 718 1605 censu,
744 1522 859 1618 inq‘uit
878 1521 935 1613 h),

61 1635 239 1730 Augusti,
267 1660 372 1730 quem
400 1655 523 1707 testem
543 1635 783 1707 fidelissimum
811 1637 938 1709 Domis

59 1752 150 1824 nicae
189 1750 390 1823 Nativitatis
431 1751 599 1820 Romana
632 1732 790 1822 Archiva
824 1772 938 1824 custo-

61 1869 178 1940 diunt.
191 1870 213 1905 “
262 1867 395 1938 Adhuc
420 1860 525 1937 semel
554 1866 680 1936 eodem
706 1865 798 1936 libro
825 1863 858 1956 c)
889 1872 938 1939 lo·

60 1984 180 2082 quitur
209 1995 244 2055 dc
270 1995 378 2054 iisdem
408 1993 610 2066 Augustianis
636 1992 780 2053 censibus.
844 1981 939 2056 Vide

62 2122 97 2173 et
135 2099 245 2171 adora
276 2099 398 2170 miram
427 2098 499 2170 Dei
530 2098 815 2192 providentiam,
834 2086 938 2174 'dum

63 2214 273 2288 describitur
310 2216 405 2286 orbis
442 2214 627 2311 gentium,
664 2216 722 2286 ille
756 2217 871 2289 adhuc
902 2218 940 2289 in

62 2353 166 2406 utero
198 2332 317 2403 matris
353 2334 421 2404 suae
458 2332 496 2402 in
533 2358 679 2403 censum
714 2333 836 2420 venit,
877 2334 940 2428 qui

63 2469 138 2522 erat
162 2448 377 2544 exspectatio
404 2448 578 2543 gentium,
606 2447 758 2519 oriturus
781 2475 825 2518 ex
846 2449 938 2522 tribu

63 2566 175 2652 luda,
200 2566 261 2636 sed
291 2585 396 2649 tunc,
423 2565 567 2658 quando
597 2563 665 2632 iam
694 2565 867 2658 sceptrum
893 2564 939 2635 ab

63 2710 105 2755 ea
130 2682 283 2754 ablatum
309 2682 442 2767 luerat,
470 2699 506 2750 et
525 2679 599 2749 dux
620 2678 666 2748 de
683 2679 818 2750 femore
844 2678 938 2767 eius',

65 2797 234 2884 Christo,
261 2817 439 2891 concepto
468 2795 512 2865 de
539 2791 668 2889 Spiritu
696 2796 835 2883 saneto,
866 2814 940 2869 nas·
1029 2779 1033 2786 .

64 2915 181 2987 cituro
208 2938 253 2986 ex
274 2913 413 3007 virgine
439 2912 476 2982 in
504 2910 711 2982 Bethlehem
739 2911 829 2982 luda
858 2913 940 2985 civi·

62 3050 134 3104 tate
161 3026 304 3117 David,
341 3056 385 3103 ex
412 3031 509 3102 cuius
541 3027 644 3126 stirpe
679 3054 807 3125 nempe
834 3029 940 3103 oritu-

62 3172 123 3221 rus
150 3166 223 3218 erat
244 3146 411 3217 Messias.
473 3145 625 3218 Constat
642 3147 843 3219 ludaeorum
866 3172 941 3219 mo·
974 3127 979 3137 ¹

62 3290 138 3337 rem
172 3261 300 3349 luisse,
335 3282 374 3335 ut
399 3287 524 3334 census
552 3283 616 3357 per
641 3262 750 3332 tribus
777 3264 877 3333 fieret
904 3275 940 3334 et

64 3379 232 3466 familias,
257 3381 354 3476 quod
375 3380 467 3451 statu
482 3379 543 3449 illo
563 3378 767 3448 ludaeorum
788 3378 939 3447 confuso

64 3496 142 3570 fieri
157 3476 232 3568 non·
246 3517 406 3591 poterat,
424 3493 487 3574 nisi
510 3515 672 3589 parentes
687 3519 731 3564 eo
747 3517 783 3563 se
807 3493 941 3563 confer-

62 3633 168 3699 rent,
198 3612 292 3684 unde
316 3612 445 3683 familia
471 3610 584 3682 luerat
605 3607 788 3681 Davidica¹
810 3626 940 3703 nempe

65 3754 112 3803 ex
127 3728 336 3801 Bethlehem
349 3728 457 3816 luda,
475 3727 661 3800 manile-sto
681 3723 793 3820 stirpis
806 3723 940 3822 loseph

105 3911 137 3987 η)
160 3913 197 3966 rr.
222 3924 264 3977 aa·
285 3914 311 3981 n
338 3919 382 3978 se.
405 3911 438 3969 A.
537 3914 567 3994 i)
589 3912 646 3973 tir.
671 3921 715 3973 ιο.
738 3878 760 3973 i.
784 3920 808 3980 t·
829 3922 856 3983 p.
878 3922 939 3981 ru·

146 3997 178 4071 ι)
198 3993 265 4050 aa.
285 4011 309 4054 c.
334 3996 376 4064 2⁶.
396 4008 424 4066 p.
447 3997 509 4065 453.
718 4008 721 4015 ¹
