2460 4560
455 321 692 384 “-“-“-“-““--““
1014 354 1081 405 121

53 481 173 582 getis·
213 477 471 553 Verumtamen
497 477 642 574 quaerite
664 478 818 577 primum
841 505 990 575 regnum
1008 479 1085 552 Dei

61 621 95 677 et
117 596 287 675 iustitiam
316 596 410 684 eius,
438 617 473 668 et
493 597 569 668 haec
595 597 716 669 omnia
742 597 948 669 adlicientur
966 596 1086 668 vobis,

60 718 186 802 Nolite
207 715 329 787 timere
352 712 498 810 pusillus
521 740 626 809 grex,
650 714 733 809 quia
757 713 975 811 complacuit·
987 711 1085 784 Patri

56 855 197 918 vestro,
223 832 308 903 dare
329 831 435 903 vobis
458 855 617 925 regnum.
670 830 849 918 Vendite‚
876 857 954 927 quae
974 831 1087 927 possi·

60 951 150 1023 detis
174 968 211 1021 et
228 948 309 1020 date
331 952 603 1045 eleemosynam.
655 947 773 1041 Facite
792 948 897 1020 vobis
915 950 1085 1035 sacculos,

60 1067 119 1163 qui
145 1054 237 1138 nor(
246 1085 492 1152 veterascunt,
528 1066 728 1138 thesaurum
760 1093 833 1137 non
859 1066 1085 1137 deficientem

55 1182 90 1255 in
108 1183 228 1269 coelis,
256 1208 329 1278 quo
350 1185 405 1254 lur
428 1209 502 1253 non
526 1182 733 1278 appropiat,
759 1208 875 1276 neque
895 1183 987 1255 tinea
1009 1209 1086 1254 cor·

60 1300 207 1396 rumpit
243 1297 313 1370 Ubi
338 1300 430 1370 enim
454 1299 637 1374 thesaurus
659 1319 775 1372 vester
796 1319 878 1388 est,
896 1299 945 1370 ibi
967 1320 1000 1372 et
1023 1325 1086 1372 cor

60 1438 221 1492 vestrum
239 1415 354 1503 erit‚“
382 1416 505 1491 utiam
523 1418 626 1512 lupra
644 1441 687 1489 ex
706 1416 872 1488 Matheo
891 1418 1084 1505 retulimus,
1135 1505 1140 1519 ἱ

63 1555 227 1629 essetque
252 1532 489 1628 Evangelium
514 1510 811 1620 exscriberidum,
835 1534 863 1605 si
893 1535 1013 1606 omnia
1039 1537 1086 1608 ad

63 1677 136 1723 rem
159 1650 285 1740 afferre
310 1650 541 1744 gestiremus,
569 1676 648 1744 quae
673 1649 777 1721 nobis
806 1676 880 1723 non
904 1651 950 1723 ad
978 1651 1087 1723 admi·

62 1767 239 1839 tationem
266 1767 385 1842 animo
412 1769 525 1838 solum
554 1767 783 1862 ingerendam
811 1767 856 1838 stc
886 1770 966 1838 sunt
991 1766 1086 1838 vivis

63 1883 248 1957 coloribus
278 1909 323 1970 ac,
346 1881 582 1978 imaginibus,
620 1890 815 1978 rerumque
839 1885 896 1954 vel
933 1882 1086 1956 maxime

63 2001 304 2097 appositarum
325 2001 607 2073 similitudinibus
632 1999 836 2096 proposita,
864 2000 923 2070 led
945 2001 997 2071 ad
1011 2027 1089 2096 per·

62 2117 268 2191 suasionem
294 2117 468 2191 dictorum
497 2136 532 2188 et
551 2118 595 2189 ad
619 2144 710 2212 opus
737 2144 861 2212 resque
887 2119 1090 2214 propositas
1136 2106 1139 2111 ’

62 2260 131 2306 nos
157 2233 407 2306 inducendos:
440 2254 548 2330 prout
575 2234 713 2307 mulieri
744 2234 815 2321 illi,
853 2229 930 2331 qua'e
956 2235 1100 2309 Christi

64 2352 163 2424 dicta
196 2350 371 2422 admirans
403 2371 438 2423 et
471 2355 646 2424 extollens
677 2378 805 2423 vocem
838 2346 882 2424 de
916 2354 1018 2426 turba
1048 2353 1086 2425 in

62 2469 142 2545 haec
167 2467 280 2541 verba
307 2469 469 2564 prorupit
494 2465 553 2556 a):
596 2480 710 2540 Beatus
733 2491 857 2555 venter,
884 2483 939 2562 qui
962 2492 993 2558 te
1010 2499 1087 2561 por·

63 2598 177 2671 tavit,
194 2605 235 2690 ‘et
261 2584 377 2672 ubero,
405 2612 467 2676 qua
479 2595 614 2673 suxisti.
654 2598 698 2656 At
721 2596 770 2656 ille
794 2597 900 2656 dixit:
927 2597 1009 2680 Quin
1025 2601 1087 2658 imo

63 2712 168 2787 beati,
192 2714 246 2791 qui
259 2712 393 2772 audiunt
409 2714 535 2772 verbum
548 2711 626 2788 Dei,
644 2723 675 2772 et
691 2714 867 2773 custodiunt
881 2713 967 2774 illud.
997 2703 1087 2778 Nou

65 2838 144 2890 erat
167 2843 242 2890 non
266 2817 369 2890 beata
390 2819 615 2915 praedicanda
637 2839 747 2891 mater
770 2818 920 2906 Christi,
943 2847 1021 2914 quae
1042 2824 1088 2896 de
1142 2876 1147 2884 κ

65 2960 105 3008 se
141 2933 220 3030 ipsa
253 2935 394 3012 humilis
427 2935 530 3031 virgo
568 2936 604 3007 in
639 2935 777 3007 cantico
813 2936 973 3009 dixerat:
1012 2949 1089 3011 Ecce
1191 2928 1195 2938 ¹

65 3065 147 3124 euim
178 3078 217 3123 ex
240 3061 297 3123 boc
320 3063 443 3125 beatam
465 3064 632 3126 meditent
655 3081 755 3124 omnes
771 3067 1000 3140 generationes,-
1026 3057 1088 3127 sed

64 3169 182 3242 fuerat
201 3168 277 3240 ha'ec
296 3168 416 3243 divina
434 3170 619 3266 Evangelii
640 3169 779 3267 Christi
792 3169 903 3241 Verbi
920 3170 1101 3246 incarnatix
1205 3183 1208 3191 ’

67 3285 290 3373 oeconomia‚
318 3306 358 3359 ut
375 3285 515 3360 divinus
534 3287 651 3383 potius
671 3308 769 3360 ortus
792 3313 837 3358 ex
859 3286 961 3358 Patre
982 3314 1089 3384 quam

66 3402 246 3475 humanus
278 3428 324 3476 ex
348 3422 459 3480 matre
484 3405 721 3498 panderetur,
749 3430 853 3498 quem
882 3404 979 3475 illurn
1005 3405 1091 3479 divi·
1161 3477 1168 3493 ,

67 3545 156 3593 num
187 3518 265 3616 ipsa
294 3545 372 3594 vox
401 3519 513 3592 Patris
544 3522 693 3595 coelestis
723 3519 767 3590 de
798 3523 889 3591 coelo
923 3504 1090 3623 delapsa,
1181 3535 1184 3540 ’

67 3637 157 3711 dum
182 3633 378 3736 baptizatus
405 3665 426 3710 a
451 3638 588 3710 loanne
617 3636 801 3732 Christus,
828 3637 1014 3734 Evangelii
1039 3646 1092 3716 lui

68 3753 361 3850 praedicationem
386 3756 628 3852 auspicaturus
653 3774 747 3840 erat,
776 3754 1003 3831 denunciavit
1029 3787 1093 3833 no-

66 3869 124 3945 bis
144 3869 207 3963 b):
250 3884 440 3964 Baptizatus
467 3895 572 3946 utitem
597 3885 687 3956 ,lesus
713 3881 871 3964 confestim
895 3888 1032 3950 ascendit
1056 3888 1094 3951 de

106 4024 138 4099 a)
159 4024 223 4080 rue.
248 4023 303 4081 Χι.
325 4038 370 4095 η.
420 4052 436 4063 --
459 4027 490 4101 r)
510 4025 610 4088 mita.
635 4024 693 4084 ιιι.
718 4029 760 4086 1⁶.

819 4151 824 4160 ’
858 4142 874 4174 Χ
