2460 4560
186 355 253 419 180
335 396 338 402 ,
573 325 804 361 ''¹-

181 522 229 565 no
249 491 409 564 humanis
430 487 539 561 oculis
558 515 597 561 ac
616 489 866 584 imaginatione
882 491 956 562 lese
976 515 1192 590 repraesentat

133 682 145 701 ,
181 631 341 706 aspectus
369 634 408 679 ac
432 608 535 678 lessio
563 607 678 701 angeli
704 606 830 700 fulgidi
851 610 958 703 super
983 612 1142 706 lapidem
1161 615 1194 684 l·

180 727 328 825 pulchri.
399 725 733 828 Quemaaspectum
767 722 967 796 ferre'non
1008 749 1193 824 potuerunt

135 876 138 883 ⁴
181 844 342 917 custodes
370 840 524 912 exterriti
547 861 620 936 prae
648 841 792 924 timore3
820 841 915 912 hunc
941 869 1035 916 vero
1057 845 1196 918 mulieri·¹

179 963 246 1034 bus
273 959 396 1030 affatus
421 959 512 1029 tollit
538 960 763 1051 angelorum,
791 982 882 1051 quos
907 957 977 1029 illis
1000 964 1198 1058 apparuisse

89 1086 95 1098 '
180 1101 302 1149 omnes
333 1074 567 1168 Evangelistae
600 1092 791 1158 testantur;
832 1074 926 1170 apud
952 1075 1094 1150 Lucam
1121 1104 1191 1151 vero

178 1211 418 1263 memorantur
442 1189 480 1278 a)
508 1200 646 1259 mulieres
672 1201 830 1280 quadum,
858 1215 959 1285 quae,
989 1213 1031 1265 ut
1054 1198 1191 1290 loquun.

178 1324 234 1382 tur
262 1309 334 1379 duo
364 1305 524 1402 discipuli
547 1324 668 1376 euntes
692 1305 728 1375 in
751 1307 900 1392 Emaus,
939 1335 981 1379 ex
1009 1325 1125 1382 nostris
1145 1334 1189 1382 ttr-

178 1447 305 1497 rueruut
327 1449 401 1508 nas,
430 1448 492 1514 qua
518 1445 589 1492 onte
615 1413 709 1492 lucem
726 1431 860 1508 futrrmt
885 1433 929 1492 ud
951 1448 1191 1512 mouumentum,

178 1564 210 1615 et
234 1570 293 1612 non
316 1553 438 1610 invento
465 1567 587 1628 corpore
612 1551 676 1608 eius
703 1561 850 1609 venerunt
873 1549 1032 1628 dicentes,
1060 1572 1093 1615 sc
1110 1558 1192 1616 etiarn

177 1671 327 1730 visionem
348 1665 520 1741 angelorum
540 1666 673 1740 vidisse,
701 1669 754 1746 qui
776 1666 882 1725 dicunt
903 1684 972 1726 eum
991 1671 1111 1731 viveres
1144 1659 1189 1730 Ex

178 1776 234 1847 his
265 1772 469 1846 mulieribus
500 1792 573 1843 erat
598 1770 693 1867 prior
723 1772 844 1842 Maria
865 1770 1119 1866 Magdalene,
1143 1771 1186 1846 cui

179 1892 340 1964 Christus
368 1891 442 1986 ipse
465 1890 597 1984 primus
620 1888 802 1983 apparuit,
830 1913 978 1983 eamque
1011 1904 1092 1963 cum
1119 1896 1185 1962 laetu
1227 1949 1228 1956 ,

176 2007 259 2093 illu,
297 2024 438 2077 omnem
469 2007 563 2099 spem
598 2007 784 2076 humanam
815 2006 1030 2100 superante,
1065 2010 1186 2104 semper
1227 2036 1228 2083 ;

177 2144 249 2219 prae
273 2122 383 2192 oculis
408 2108 534 2191 mentis
552 2121 738 2207 habendo,
766 2119 868 2192 unice
888 2121 1028 2194 salutari
1050 2125 1185 2207 nuncio,
1226 2150 1228 2216 r

175 2239 275 2333 quod
300 2257 351 2307 est
379 2235 506 2307 divinae
535 2236 719 2330 Evangelii
743 2237 874 2308 Christi
895 2236 1011 2309 Verbi
1032 2226 1185 2313 incarnati
1226 2268 1228 2307 r

56 2440 59 2450 Ι
90 2443 92 2447 ι
177 2344 385 2425 ωςοιῐὸῑηίἳε
407 2355 724 2447 complementum,
751 2353 869 2430 mittit„
881 2353 924 2423 ad
954 2355 1080 2428 fratres
1106 2359 1180 2439 suos,
1225 2383 1228 2420 r

130 2495 132 2500 ’
175 2485 267 2564 quos
291 2469 326 2538 in
361 2468 528 2565 apostolis
556 2468 678 2540 divino
706 2471 775 2540 hoc
803 2469 947 2540 nomine
973 2481 1103 2546 ‘omnes
1127 2475 1182 2545 luae
1225 2499 1228 2541 r

175 2585 403 2659 redemtionis
426 2585 611 2681 participes
633 2582 829 2681 compellat.
881 2595 944 2679 Qui
964 2594 1182 2678 enimsuactifi*
1224 2617 1228 2658 r

176 2725 247 2789 cut,
283 2709 585 2787 etsanctificuatur,
623 2723 661 2772 ex
688 2732 747 2772 uno
768 2730 878 2779 ornnes.
942 2714 1076 2795 Propter
1104 2731 1182 2798 quum
1224 2733 1228 2773 r

176 2845 302 2890 cuumm
328 2845 386 2887 non
410 2827 606 2904 confrmrlitur
620 2829 742 2905 fratres
765 2846 814 2890 eos
834 2847 946 2892 uocare
967 2817 1029 2908 b),·
1058 2842 1100 2896 ut
1120 2844 1194 2894 cum‘
1207 2850 1228 2892 ·r

174 2932 359 3028 uriigenito
378 2933 468 3004 Filio
491 2933 553 3004 filii
577 2933 649 3005 Dei
672 2935 894 3007 nominemur
917 2957 952 3008 et
973 2938 1106 3027 simus,
1132 2939 1184 3010 ira·
1227 2966 1228 3000 2

174 3071 244 3122 tres
281 3048 438 3119 Christi:
478 3050 538 3143 qui
572 3071 728 3122 naturam
761 3071 915 3122 nostram
951 3053 988 3123 in
1025 3057 1183 3128 unionem

174 3165 431 3263 hypostaticam
455 3164 642 3236 divinitatis
670 3169 738 3239 suae
767 3191 969 3255 assumens,
1009 3196 1116 3266 quam
1145 3169 1184 3240 D.
1226 3198 1228 3238 r

174 3284 303 3356 Paulus
325 3286 347 3354 l.
373 3308 400 3353 c.
428 3283 651 3378 prosequitur
678 3286 832 3357 divinam
857 3285 1046 3380 Evangelii
1069 3284 1186 3383 Christi
1227 3327 1228 3338 κ

173 3400 286 3472 Verbi
308 3401 475 3471 incarnati
496 3392 729 3472 oeconor'niam
755 3403 1015 3501 consummavit
1037 3405 1072 3474 in
1094 3428 1186 3478 cruce
1226 3430 1228 3437 ⁴

85 3557 88 3563 ·
172 3536 353 3604 mortuus,
382 3538 486 3612 atque
507 3543 527 3619 a
550 3517 695 3602 mortuis
720 3543 903 3611 resurgens
928 3545 1064 3592 nomen
1083 3520 1186 3594 Patris

172 3626 222 3707 lui
258 3634 405 3705 coelestis
440 3634 602 3706 fratribus
636 3635 703 3706 suis
735 3661 771 3706 se
804 3635 1096 3710 denuntiaturum
1128 3639 1185 3709 iam

173 3769 237 3849 per
262 3749 479 3822 Psalmistam
506 3752 776 3847 praenuntiavit,
804 3753 949 3838 dicens,
978 3773 1019 3824 ut
1045 3757 1091 3826 ab
1115 3778 1186 3851 apo

174 3871 270 3941 stolo
289 3883 429 3935 notatur
446 3865 496 3956 c),
523 3880 678 3940 Nuntiolao
699 3897 804 3940 nomen
826 3892 913 3939 tuum
923 3879 1088 3957 fratribus
1104 3884 1184 3944 meis:

123 4009 126 4015 ⁴
215 4014 526 4095 u)Lut.XXlV·22.
600 4019 844 4114 l)Helrr.ll.1i.
918 4015 947 4096 s)
966 4020 1010 4077 1³1.
1025 4020 1132 4087 XVII.
1150 4016 1184 4086 ιβ’
