2460 4560
109 329 180 405 tas
426 366 429 371 -
498 313 727 376 Ξ

108 503 154 548 ex
177 493 279 547 utero
299 472 415 546 matris
431 472 500 545 suae
524 473 688 558 claudus,
707 469 806 544 'testis
827 471 931 544 omni
954 471 1126 572 exceptia

107 620 153 664 ne
173 593 282 664 maior
300 590 474 676 miraculi,
493 590 592 684 quod
609 589 645 659 in
665 607 862 684 conspectu
875 589 989 675 totius
1008 590 1126 688 populi
1162 676 1164 691 Ι

108 709 166 781 die
188 709 358 806 praeterita
380 708 510 777 factum
530 707 643 777 fuerat
661 706 705 776 ad
729 725 867 801 portam
897 709 1046 804 templi,
1071 734 1127 800 que

45 910 47 914 μ
109 837 225 897 dicitur
242 835 399 914 Speciosa,
413 834 457 896 ad
473 851 568 914 quarn
584 832 721 912 quotidie
731 822 942 912 portabatur,
963 846 1002 896 ut
1015 844 1126 915 peteret

110 953 323 1030 eleemosynam
341 949 379 1010 ab
397 950 620 1010 introeuntibus
640 950 784 1039 templum
803 936 853 1028 a).
908 939 961 1014 Ut
977 969 1067 1015 vero
1080 941 1125 1029 lbi

111 1057 367 1154 agnoscebatur
395 1058 439 1127 ab
471 1056 635 1127 omnibns
668 1082 742 1128 esse
770 1056 890 1143 idem,
928 1059 992 1153 qui
1023 1061 1124 1131 fuerat

110 1174 278 1258 claudus3
319 1173 364 1246 sic
399 1172 500 1271 etiam
531 1170 648 1265 ipsum
679 1173 906 1268 synedrium,
947 1175 1124 1247 hominem

111 1290 262 1362 eundem
280 1290 440 1361 videntes
460 1288 605 1359 stantem
625 1315 705 1360 cum
725 1288 792 1374 eis,
815 1290 875 1383 qui
899 1296 1044 1363 curatus
1059 1293 1123 1363 fue·

9 1397 17 1407 ³
95 1425 181 1497 rat,
219 1416 299 1476 nitu
315 1426 463 1495 poterant
488 1415 693 1476 contradicere
721 1402 768 1494 b).
819 1406 906 1497 Quo
938 1433 1029 1481 vero
1056 1433 1121 1480 uno

109 1549 184 1594 non
198 1522 310 1593 solum
325 1520 455 1591 Christi
469 1520 693 1606 resurrectio,
711 1521 771 1591 sed
786 1503 889 1593 etiam
904 1522 1015 1596 totius
1030 1550 1122 1596 evan-

71 1634 73 1640 *
108 1639 230 1737 gelicae
252 1637 403 1709 historiae
428 1637 556 1709 veritas
580 1637 709 1709 invicte
736 1630 1023 1727 demonstratur,
1050 1665 1119 1736 quae

108 1760 157 1829 ita
175 1756 326 1853 aprima
345 1753 598 1826 Incarnationis
617 1773 800 1826 momento
819 1781 933 1850 usque
952 1758 999 1827 ad
1015 1783 1121 1828 ascen·

67 1865 69 1868 Α
107 1874 245 1945 sionem
258 1872 301 1943 in
315 1875 422 1945 coelos
446 1871 509 1942 sibi
533 1873 706 1958 cohaeret,
732 1891 772 1942 ut
792 1891 851 1943 aut
872 1873 938 1944 toti
958 1875 1019 1945 sua
1042 1874 1121 1945 fides

109 2009 268 2072 constet,
304 2007 463 2082 auttota
492 1988 655 2082 neganda
678 2007 782 2081 atque
798 1987 899 2059 'inter
927 2009 1121 2061 commenta

108 2105 310 2187 referenda,
335 2124 396 2174 aut
411 2104 607 2198 impostura
622 2107 680 2178 vel
702 2103 1026 2192 fabula'habenda3
1049 2130 1119 2202 quae

108 2246 195 2293 vero
220 2219 379 2310 intanta
403 2247 518 2292 rerum
546 2240 614 2291 tam
642 2220 807 2290 mirarum
834 2246 874 2293 ac
903 2222 1120 2316 publicarum

107 2339 220 2432 serie,
257 2335 479 2437 multitudine
507 2363 546 2408 ac
574 2336 828 2433 multiplicitate
856 2341 1045 2432 quomodo
1071 2339 1119 2433 agi

92 2452 300 2551 potuisset,
324 2473 384 2523 aut
403 2453 573 2547 publicari
599 2481 619 2524 a
640 2473 693 2525 tot
716 2453 877 2550 personis
899 2454 964 2524 sibi
985 2455 1031 2526 in*
1046 2482 1120 2528 con·

108 2571 299 2667 spiratione
325 2569 647 2656 consentientibus,
680 2597 719 2642 ac
743 2571 1018 2644 concordibus?
1052 2592 1118 2643 tum

106 2713 194 2760 vero
219 2691 333 2782 palam
353 2686 455 2757 etiam
477 2687 596 2758 litteris
614 2687 770 2758 mandari
791 2713 833 2758 eo
850 2687 954 2782 ips0‚
970 2714 1054 2784 quo
1070 2713 1118 2758 res

107 2804 333 2896 contigerunt
350 2824 528 2899 tempore,
553 2803 682 2897 quibus
705 2804 1117 2898 ubique·contradiceba·

106 2941 182 3015 tur,
206 2919 325 3014 ibique
343 2920 495 2990 maxime
510 2920 765 3014 vulgabantur,
793 2920 1061 3016 agebanturque
1077 2921 1115 2992 ab

104 3036 307 3108 hominibus
325 3035 476 3132 plebeis,
496 3036 726 3130 fimplicibus,
739 3036 885 3107 rudibus
900 3056 936 3108 et
946 3037 1117 3122 illiteratis,

29 3197 32 3204 ·
103 3158 224 3250 quales
244 3179 318 3225 esse
344 3154 525 3248 apostolos
547 3152 613 3248 ipsi
634 3172 896 3247 recognoscunt
917 3164 1027 3225 Armos
1037 3167 1117 3245 prin·

103 3280 394 3362 cunjunctionem,
415 3290 444 3338 et
466 3279 613 3358 Caiplras,
632 3292 663 3340 et
680 3280 830 3354 Joannes,
854 3290 884 3339 et
898 3280 1076 3342 Alexander
1090 3290 1117 3341 et

101 3410 253 3479 quotquot
272 3408 360 3458 erant
378 3396 414 3456 cle
427 3413 533 3470 genere
537 3394 731 3472 sacerdotali
752 3380 805 3473 c),
833 3410 924 3479 quos
949 3405 1117 3458 memorat

101 3503 213 3574 Lucas
237 3504 273 3573 in
293 3501 460 3575 iudicium
483 3528 629 3574 vocasse
652 3524 756 3598 atque
772 3501 821 3572 ad
842 3487 942 3573 suum
967 3504 1115 3576 tribunal

100 3619 243 3690 Petrum
263 3640 297 3690 et
314 3621 505 3706 loannem,
522 3620 582 3714 qui
599 3619 756 3691 miraculi
775 3636 937 3690 auctores
955 3619 1114 3692 fuerunt:

104 3747 242 3806 Videntes
268 3759 370 3807 autern
394 3748 479 3808 Petri
498 3750 720 3822 constantiam,
744 3758 775 3807 et
791 3745 940 3822 Joannis,
965 3759 1116 3827 comperto

96 3863 180 3944 quod
195 3861 330 3929 nomines
350 3873 445 3924 essent
457 3859 524 3937 stne
544 3865 658 3938 literis,
677 3875 708 3925 et
728 3865 847 3939 idiote,
870 3863 1112 3940 admirabantur,

136 4004 165 4074 a)
187 4003 243 4059 nce.
270 4000 325 4062 lll-
386 4000 587 4084 ¹1⁸)Ib.1V.
616 4019 660 4075 ¹4·
743 4001 883 4080 c)1l.6.
