2460 4560
580 373 811 395 μι-ι-ι-ι-ιι

253 341 326 429 346

116 483 231 548 (Μυῒ
251 483 446 592 respondet
466 502 602 577 autem,
624 484 759 581 dogma
774 481 835 557 hic
853 481 1038 560 insinuari
1052 511 1132 591 com

125 601 214 658 XXV·
252 601 498 685 municationis
517 601 732 679 idiomatum
750 601 790 675 in
806 600 989 679 ineffabili
1011 602 1134 678 unione
1168 640 1170 673 ι

96 708 239 777 “W
254 719 365 801 divini
395 717 508 795 Verbi
541 745 623 796 cum
650 714 942 799 nostra'natura,
1008 772 1033 809 „
1051 719 1134 796 Cunr

256 823 368 925 enim,
382 835 499 933 inquit
514 833 572 930 a),
593 854 709 909 essent
723 835 800 912 duae
819 857 962 916 naturae
983 837 1021 912 in
1038 864 1133 912 unam

256 954 466 1053 hypostasin
486 953 673 1031 inconfuse
691 952 914 1042 coniunctae,
937 957 1051 1033 altera
1069 979 1135 1052 qun

184 1064 186 1069 ¹
254 1070 395 1151 alterius
440 1073 519 1150 funt
558 1069 807 1172 participavit,
857 1090 899 1148 ut
936 1084 1133 1149 naturarum

253 1189 486 1292 proprietates
511 1188 556 1262 de
578 1213 652 1265 uno
671 1187 875 1283 eodemque
899 1186 1137 1268 communiter·

254 1307 326 1383 dici
347 1306 494 1403 possint.
553 1303 779 1407 Cum'igitur
801 1303 927 1395 audis,
956 1305 997 1382 in
1017 1310 1132 1385 coelum

254 1423 432 1501 neminem
451 1421 670 1509 ascendisse,
691 1421 759 1504 nisi
775 1446 876 1524 eum,
898 1422 1031 1518 quide
1053 1427 1132 1496 coelo

254 1539 507 1628 descenderat,
531 1537 661 1637 xVerbi
699 1525 919 1615 divinitatem
958 1540 1130 1636 intellige;

252 1655 337 1734 ideo
362 1655 453 1733 enim
482 1654 652 1732 continue
674 1655 830 1745 addidit,
857 1669 914 1748 qui
933 1671 1035 1734 estin
1052 1669 1130 1730 calo:

253 1774 397 1851 stultum
419 1771 553 1876 quippe
577 1792 649 1866 est²
675 1772 725 1850 ita
748 1772 792 1849 de
819 1798 925 1849 carne
957 1775 1128 1870 cogitare,

251 1892 337 1987 quia
367 1916 408 1967 ea
437 1890 475 1967 in
503 1893 607 1965 coelo
628 1889 804 1977 extiterit,
844 1891 1025 1988 fimulque
1059 1917 1130 1964 cum

252 2005 459 2083 Nicodemo
481 2005 703 2118 disseruerit,
739 2007 978 2085 cum'trinam
1007 2009 1132 2081 dimen-

250 2123 417 2215 sionem,
453 2144 489 2197 et
517 2122 877 2221 circumscriptionem
903 2123 939 2199 in
966 2129 1051 2199 loco
1079 2151 1132 2198 na·

251 2241 408 2317 ruraliter
437 2240 575 2318 habeat.
595 2244 618 2280 “
680 2239 850 2343 Mysterii
884 2241 1131 2317 sublimitatem
1163 2265 1167 2271 “

250 2377 368 2436 textus
394 2382 529 2452 graecus
561 2357 740 2453 originalis
768 2358 893 2435 melius
925 2359 985 2435 ob
1009 2364 1129 2433 oculos

248 2474 357 2576 ponit
394 2467 478 2563 idcir
512 2461 713 2560 drotCt'Cnrrtr
753 2501 861 2552 nemo
900 2477 1105 2552 ascendit
1094 2503 1129 2548 m

247 2590 454 2693 praeterito:
491 2610 543 2669 et
557 2589 573 2671 ri
608 2571 651 2674 tir
675 2591 738 2673 ἐν
750 2592 798 2699 τῷ
829 2591 941 2697 secturi
964 2607 1029 2686 qui
1064 2617 1128 2680 est,

249 2709 350 2810 quod
391 2706 649 2804 Unigenitum
691 2711 753 2787 seu
790 2709 1125 2787 consubstantialem

247 2824 335 2902 Deo
361 2824 495 2906 Filium
528 2825 768 2916 demonstrat,
804 2844 844 2902 ut
869 2825 1044 2925 slesDeus
1066 2852 1122 2924 per

246 2943 413 3045 Moysen
446 2942 752 3024 manifestaveram
788 2954 843 3040 qui
865 2961 947 3031 est,
968 2957 1061 3021 ¹misit
1083 2970 1125 3014 me

245 3074 290 3133 ad
312 3088 370 3134 vor
394 3056 442 3155 b).
507 3061 577 3135 Et:
612 3066 712 3144 Derim
738 3058 823 3141 rrerdo
848 3069 936 3131 vidit
962 3090 1123 3154 unquam:

246 3186 418 3265 unigenitus
463 3182 595 3268 Filius,
654 3188 711 3271 piri
742 3197 803 3255 ‚est
847 3173 864 3252 d
898 3157 942 3270 div
985 3191 1021 3250 in
1057 3184 1126 3267 firrrr

243 3304 374 3378 Patris,
397 3303 462 3385 ipsc
484 3286 646 3366 enarravit
671 3289 717 3383 c).
770 3291 957 3388 Congruit
977 3295 1051 3369 huc
1079 3299 1125 3367 lo·

243 3437 306 3485 cus
330 3407 428 3488 Isaiae
453 3408 625 3493 XLVIII.
651 3413 705 3494 16,
732 3408 868 3504 inquo
892 3410 923 3485 S.
948 3398 1125 3508 Hierony·

241 3555 320 3601 mus
347 3525 553 3631 mysterium
581 3527 614 3612 S‚·
637 3524 1017 3620 Trinitatisgnotavit:
1056 3541 1124 3600 Nm

241 3672 263 3714 a
283 3656 439 3741 principio
464 3656 498 3720 in
519 3653 696 3726 abscondito
723 3655 842 3718 Iocutus
856 3653 957 3737 sum:
983 3674 1023 3720 ex
1049 3669 1124 3718 rem·

234 3743 506 3856 porrednteqnam
525 3769 634 3853 fieret,
658 3774 703 3838 ibi
724 3784 828 3849 eram:
855 3783 886 3836 et
911 3770 990 3836 nunt
1016 3759 1122 3849 Domi·

282 3941 312 4014 r)
334 3940 409 4000 Hom}
434 3944 490 4004 111.
512 3959 538 4016 p,
567 3962 611 4016 14.
686 3947 734 4020 d)
756 3946 838 4008 ΕΜ·
862 3947 919 4009 lli·
946 3964 989 4018 ¹4·

327 4025 355 4098 c)
376 4024 454 4092 Joarr.
481 4027 507 4087 Ι.
533 4039 574 4090 18.
