2460 4560
470 169 703 186 ἡ

1050 163 1102 234 47

73 285 120 360 ad
134 284 280 358 Patrem
298 280 406 356 vado.
443 281 493 355 Et
508 270 752 383 quodcun'que
771 281 943 383 petieritis
961 287 1103 367 Patrem

73 404 112 475 in
133 402 390 500 nominemeo
416 400 492 474 hoc
517 401 662 473 faciam:
689 423 730 476 ut
755 404 973 500 glorificetur
998 407 1102 482 Pater

71 519 107 592 in
120 519 227 592 Filio.
263 517 297 590 Si
316 516 403 612 quid
422 516 592 613 petieritis
611 519 722 591 mein
740 523 887 594 nomine
907 549 1009 610 meo,
1031 526 1102 600 hoc

71 637 241 710 iaciam.-“
302 634 366 706 Nil
393 636 508 722 adeo·‚
545 653 677 707 ettam
705 637 909 733 frequenter
939 639 1102 715 Christus

66 781 179 852 quam
204 751 371 826 fiduciam
402 751 441 823 in
467 751 626 848 petendo
657 773 700 825 ac
727 751 865 828 orando
896 778 991 845 certa
1012 758 1104 833 obti-

69 871 184 944 nendi
202 871 264 966 spe
287 869 432 942 instillat
452 865 490 939 in
510 868 720 965 Evangelio.
761 870 1045 947 Praedicitetiam
1064 875 1103 946 in
1179 932 1182 941 .

69 992 142 1066 hoc
170 987 297 1061 ultimo
321 988 483 1058 sermone
512 987 566 1058 J0.
593 988 698 1060 XVI.
728 993 787 1063 26.
851 1000 888 1061 1η
912 1000 966 1060 illo
992 1002 1042 1065 die
1065 1006 1101 1065 in

69 1119 191 1179 nomine
217 1134 283 1175 meo
297 1111 434 1196 petetis:
461 1127 493 1177 et
515 1130 573 1176 non
589 1110 657 1176 dico
677 1116 785 1194 vobis,
812 1119 897 1198 quia
910 1135 963 1192 ego
983 1119 1100 1195 rogabo

69 1234 199 1296 Patrem
219 1251 282 1312 pro
296 1230 420 1292 votis:
435 1216 519 1316 “ipse
545 1235 624 1293 enim
654 1232 751 1294 Pater
783 1245 888 1294 amat.
901 1251 980 1311 vos,
1019 1239 1099 1318 quia

69 1370 126 1412 vos
147 1368 196 1411 me
217 1350 370 1425 amastis,
403 1362 435 1411 et
456 1348 650 1426 credidistis,
677 1352 756 1431 quia
784 1369 838 1426 ego
864 1369 886 1410 a
907 1349 974 1412 Deo
998 1354 1096 1416 exivi.

69 1458 205 1531 Iterum
231 1454 289 1527 hic
315 1448 557 1528 testimonium
580 1454 781 1529 dilectionis
806 1483 851 1529 ex
875 1484 1010 1554 opere,
1044 1459 1098 1533 uti
1214 1464 1223 1474 '

67 1578 154 1647 loco
174 1562 262 1644 meix
279 1570 386 1645 citato
404 1574 459 1646 Jo.
479 1571 584 1645 XIV.
608 1592 663 1660 15.
687 1570 816 1646 statuit.
866 1625 888 1659 „
897 1574 932 1644 Si
955 1573 1100 1669 diligitis

68 1715 161 1779 me,.
187 1687 354 1762 mandata
379 1716 459 1762 mea
484 1691 629 1762 servate.
687 1683 738 1760 Et
770 1710 838 1783 ego
863 1690 1003 1786 rogabo
1033 1688 1100 1763 Pa-

69 1827 180 1893 trem,
209 1826 244 1880 et
263 1803 372 1879 alium
392 1800 602 1879 Paraclitum
626 1796 725 1878 dabit
746 1804 869 1893 vobis,
897 1825 937 1879 ut
956 1828 1099 1882 maneat

68 1925 258 1997 vobiscum
275 1916 324 1996 ,in
355 1941 545 1998 aeternum:
582 1917 748 2021 Spiritum
775 1917 954 2013 veniatis,
989 1951 1098 2022 quem

67 2041 226 2114 mundus
248 2058 323 2113 non
344 2061 465 2139 potest
485 2041 663 2138 accipere,
683 2040 767 2137 quia
787 2067 862 2114 non
880 2041 982 2116 videt
1003 2070 1097 2131 eum,

69 2167 137 2231 nei
162 2157 227 2230 scit
253 2175 355 2230 eume
391 2176 460 2230 vos
491 2176 608 2231 autem
630 2149 854 2258 cognoscetis
883 2185 986 2231 eum:
1013 2160 1098 2256 quia

68 2277 170 2372 apud
191 2293 259 2348 vos·
284 2275 463 2362 manebit,
492 2294 527 2348 et
556 2275 594 2345 in
618 2274 726 2349 vobis
755 2275 828 2348 erit
881 2275 971 2348 Non
994 2276 1097 2349 relin-

66 2418 177 2488 quam
203 2409 270 2466 vos'
301 2393 510 2488 orphanos5
546 2390 689 2464 veniam
716 2385 764 2463 ad
802 2394 916 2465 vos.“
979 2393 1098 2486 Quae,

65 2535 211 2606 quaeso,
249 2521 285 2581 et
309 2527 442 2605 quanta
462 2506 544 2582 sunt
569 2501 647 2583 haec
672 2496 865 2606 promissa,
896 2508 1098 2605 dequibus

66 2653 114 2698 ne
150 2616 519 2723 dubitatepossent4
553 2617 600 2709 ,in‘
636 2626 806 2723 proximo
838 2618 1096 2725 adimplenda,

66 2749 220 2830 Etmnc,
236 2732 428 2834 subdita),
451 2754 521 2815 dixi
537 2752 627 2814 votis
638 2755 746 2834 print,
763 2760 859 2836 quam
868 2749 950 2832 fiat:
972 2767 1009 2816 ut
1026 2772 1098 2816 cum

59 2870 189 2948 factum
205 2869 350 2948 suerit‚.
373 2870 527 2949 credatu,
563 2847 677 2934 tribus
704 2847 870 2937 himitum
896 2878 984 2934 mox
1012 2879 1098 2955 post

69 2976 221 3064 diebus,
254 2977 341 3049 dum
369 2977 535 3050 Christus
563 2994 750 3074 resurgent
775 2967 909 3050 Mariae
938 2971 1099 3074 Magda-

66 3096 158 3165 lenae
178 3092 332 3189 primum
345 3136 358 3182 5
392 3114 428 3166 et
449 3082 581 3166 caeteris
604 3095 810 3169 mulieribus
835 3121 871 3166 se
897 3080 1098 3166 'videndum

65 3209 242 3308 praebuit,
268 3211 451 3306 quaesunt
476 3199 579 3282 iussae
606 3223 669 3282 cito
692 3227 798 3283 cantet
817 3220 916 3280 dicere
938 3210 1097 3301 discipulis
1199 3248 1201 3252 ’

64 3342 150 3416 eius,
178 3338 256 3420 quia
268 3335 438 3414 surrexitt
465 3338 496 3398 τέ
519 3341 585 3400 ecce'
599 3336 746 3418 prae‘ce'dit
766 3341 828 3398 vos'
851 3328 885 3397 i'n'
913 3335 1069 3401 Galilaeam
1081 3318 1108 3417 ,‘

63 3457 110 3518 ibi
128 3473 198 3517 eum
214 3455 371 3518 videbitis.
398 3455 474 3518 Ecce
485 3432 619 3536 pridixt
638 3437 784 3533 vobisb),
802 3441 839 3513 in
856 3431 977 3518 uitima'
993 3447 1093 3519 nimi·

66 3587 147 3634 rum
173 3586 295 3650 coena,
326 3581 368 3635 ut
391 3563 504 3636 modo
531 3550 703 3648 vidimus,
731 3579 767 3634 et
791 3559 895 3650 alias,
921 3590 959 3637 re
990 3564 1095 3638 etiam

65 3678 203 3753 caeteris
230 3679 359 3752 Judaeis
385 3679 627 3755 infensissimis
652 3677 814 3752 hostibus
840 3701 949 3772 nota,
976 3668 1093 3755 Pit'ato

107 3831 140 3908 a)
161 3830 208 3897 Jo.
232 3828 313 3896 Χιν.
339 3844 385 3904 29·
452 3926 454 3930 y
483 3833 518 3912 t)
537 3831 637 3891 itant
661 3828 854 3900 ‚timum
