2460 4560
755 208 764 237 δ

116 342 159 420 17
160 341 187 419 4
505 317 737 354 -—
786 310 791 317 '

108 485 209 555 fuum
232 459 351 551 verbis
372 458 432 566 ol:
469 476 715 573 „Sapientiam
741 495 859 551 autem
885 461 1073 578 loquimur
1090 465 1135 557 in.-

109 621 162 671 ter
186 597 380 694 perlectos;
406 593 609 689 sapientiam
639 603 727 666 vero
758 621 835 666 non
862 597 977 672 buius
1005 603 1127 691 saeculi,

108 740 227 811 neque
257 711 456 809 principum
480 709 584 783 huius
613 695 752 800 laeculi;
793 711 858 808 qui
887 715 1123 794 destruuntur:

107 833 171 907 fed
199 835 390 934 loqn'rmur
409 827 484 900 Dei
516 822 721 924 sapientiam
748 812 785 899 in'
812 834 1019 927 mysterio,
1054 859 1118 937 quae

109 947 318 1024 abscondita
356 966 438 1031 est,·
478 954 583 1040 quani
617 945 883 1041 praedestinavit
918 948 1024 1025 Deus
1051 970 1115 1023 ante

107 1068 231 1141 faecula
262 1063 299 1132 in'
329 1062 479 1157 gloriam
510 1075 690 1149 nostram,-
716 1074 838 1193 ‘quam'
870 1077 981 1142 nemo
1007 1065 1112 1164 princi·
1140 1048 1144 1103 ⁴

106 1208 196 1282 pum
220 1178 323 1251 huius
344 1180 460 1251 saeculi
479 1180 668 1273 cognovit:¹
697 1179 726 1252 si
753 1180 848 1252 enim
868 1185 1106 1280 cognovissent,

106 1312 292 1396 nunquam
329 1286 530 1367 Dominum
566 1290 688 1391 gloriae
727 1296 1023 1374 crucifixissent
1052 1297 1144 1417 Sed
1142 1296 1144 1303 ’

104 1418 194 1492 ficut
215 1415 384 1509 scripturn
411 1428 482 1484 estz'
520 1413 635 1507 Quod
662 1417 788 1486 Oculus
819 1427 895 1487 non
916 1416 1023 1504 vidit,
1050 1437 1102 1486 nec

107 1533 201 1608 auris
231 1522 386 1614 audivit,
420 1528 549 1602 necin
577 1555 639 1602 cor
665 1531 820 1603 hominis
848 1533 1021 1623 ascendit,
1042 1551 1101 1628 quae

108 1647 321 1750 praeparavit
346 1646 451 1719 Dens
476 1646 540 1734 iis,·
567 1647 630 1744 qui
657 1648 809 1745 diligunt
833 1648 977 1725 illuni.“

193 1984 451 2075 onnrsrr
488 1984 697 2072 rnssro
734 1999 817 2071 ET
853 1999 1036 2075 mores
1076 1980 1080 1991 '

104 2233 233 2306 XXX.
259 2162 448 2305 Christus
480 2231 578 2303 Jesu's'
614 2213 719 2305 Deus
753 2251 787 2306 et
815 2216 958 2323 homo,⁴
999 2232 1052 2331 qni
1074 2253 1144 2351 se¹

106 2350 268 2424 oratione
294 2348 415 2422 ultima
445 2367 526 2418 ante
555 2349 764 2445 passionem
784 2368 820 2422 et
848 2371 1001 2425 mortem
1029 2353 1103 2422 luam
1141 2400 1144 2489 1

107 2452 298 2540 declaravit
330 2466 562 2537 mediatorem
596 2465 758 2539 Deum
748 2486 839 2540 inter
874 2489 911 2541 et
945 2460 1144 2549 hominen!

52 2647 54 2650 Α
106 2589 211 2658 talem
241 2599 277 2656 se'
308 2573 528 2657 exhibiturus
556 2594 621 2680 per
650 2569 851 2679 passionem
884 2587 1007 2675 suam,
1040 2510 1144 2655 duml

104 2701 303 2774 humiliavit
325 2701 549 2795 semetipsum
576 2701 754 2795 usquead
777 2720 951 2791 mortem,
977 2719 1109 2775 mortem

48 2809 73 2829 '¹
102 2834 221 2890 antem
241 2816 371 2904 crocis,
399 2820 538 2913 semper
561 2837 678 2890 tamen
701 2818 741 2888 in
764 2819 835 2891 hoc
862 2818 1042 2916 stupendae
1061 2818 1110 2888 hu·

102 2933 305 3007 mil'iationis'
328 2935 417 3006 statu
441 2934 563 3006 Deum
587 2960 624 3005 se
647 2935 746 3006 simul
771 2955 807 3007 et
825 2935 1011 3009 hominem
1034 2959 1111 3008 conr·

102 3042 331 3125 monstravitz'
352 3040 512 3145 undique
531 3044 782 3146 resplendente
801 3051 924 3129 divina
939 3045 1112 3148 Evangelii

103 3168 237 3242 Christi
260 3167 373 3239 Verbi
395 3166 565 3240 incarnati
585 3167 797 3243 oeconomia.
841 3165 915 3240 Ubi
934 3194 1025 3242 vero
1044 3188 1112 3241 ante

102 3287 223 3361 omnia·
250 3271 288 3356 id
317 3294 369 3356 est
398 3283 772 3373 animadvertendum,
812 3296 939 3358 omnes
972 3307 1110 3383 quatuor

99 3400 343 3500 Evangelistas
368 3393 531 3500 prolixos
556 3429 662 3498 quam
685 3388 837 3476 maxime
861 3428 938 3475 esse
962 3403 1001 3474 in
1020 3403 1112 3474 histo·

99 3521 152 3593 ria
167 3521 343 3619 passionis
369 3547 409 3594 ac
432 3519 557 3593 mortis
584 3519 716 3591 Christi
740 3521 779 3589 in
799 3536 922 3607 cruce,
949 3519 1003 3594 uti
1022 3518 1111 3603 etiam

100 3637 269 3734 deinceps
290 3639 445 3735 apostoli
466 3641 503 3708 in
527 3637 777 3709 annunciando
801 3636 1015 3732 Evangelio.
1061 3633 1109 3707 Ex

98 3753 227 3852 quibus
261 3753 312 3827 Dr
348 3747 479 3829 Paulus
513 3756 541 3830 Ι.
574 3754 659 3827 Cor.
688 3754 715 3826 l.
751 3765 841 3842 23.:'
893 3763 957 3826 Nor
993 3775 1107 3833 antem,
1141 3812 1144 3817 .

96 3872 238 3958 scribit,
269 3867 471 3960 predicamus
502 3883 654 3946 Christum
679 3879 883 3959 crucifixum:
918 3881 1033 3955 Judaeir
1055 3876 1110 3962 qui·
1138 3922 1144 3961 1

138 4010 414 4103 namne
