2460 4560
157 343 225 425 tt·
554 326 786 361 ''¹''-

177 526 179 530 Α
232 484 333 559 Dum
355 485 472 558 adhuc
490 509 571 556 tum
592 479 660 553 luis
682 500 773 553 esset
791 479 952 568 Christus
975 477 1038 573 a),
1052 509 1171 571 „con-

156 603 292 682 vocatis
307 602 499 676 duodecim
515 597 694 694 discipulis
712 598 797 687 suis,
821 599 920 681 dedit
941 599 1009 673 illis
1027 622 1174 699 potesta·
1217 636 1220 703 ς

158 741 229 806 tem
251 720 433 818 spirituum
456 717 746 803 immundorum,
781 734 822 795 ut
848 716 1017 797 elicerent
1040 740 1117 808 eos,
1143 740 1174 796 et
1218 710 1220 721 γ

158 856 321 914 curarent
334 861 477 917 omnem
491 838 718 930 languorem,
734 854 768 909 et
782 859 926 915 omnem
940 836 1174 916 infirmitatem

111 1033 114 1040 ,
157 954 369 1055 praecipiens
384 951 471 1034 illis:
498 953 635 1024 Euntes
653 969 767 1023 autem
790 951 982 1046 praedicate
1004 954 1173 1028 dicentes:
1201 990 1204 999 ·

157 1073 255 1166 Quia
279 1069 583 1168 appropinquavit
607 1093 755 1162 regnum
780 1072 961 1142 coelorum.
999 1071 1175 1162 *Infirmos

85 1260 87 1266 Α
135 1221 138 1241 ¹
155 1211 296 1276 curate,
307 1184 467 1261 m‘ortuos
480 1185 658 1271 suscitate,
671 1188 832 1281 leprosos
846 1188 1017 1265 mundate
1027 1186 1175 1276 ,daemo-

155 1330 220 1379 nes
233 1305 358 1380 eiicite.
369 1309 391 1343 “
414 1304 492 1398 Etsi
510 1329 597 1377 vero
613 1303 804 1399 perfectam
817 1303 918 1399 regni
936 1307 1107 1383 coelornm
1120 1310 1176 1381 seu

155 1423 344 1519 Evangelii
367 1422 465 1517 regni
487 1420 669 1493 scientiam
690 1446 765 1491 non
788 1420 993 1508 habuerint,
1023 1449 1097 1495 non
1118 1450 1175 1522 po·

87 1602 91 1608 .
128 1559 301 1617 :tuerunt
334 1558 452 1612 tamen
484 1559 569 1611 tunc
599 1537 693 1630 missi
722 1537 795 1609 falli
825 1535 862 1611 in
889 1536 952 1642 iis,
990 1539 1176 1638 quaeipsis

155 1674 243 1741 tunc
270 1657 359 1730 datae
381 1658 462 1729 sunt
481 1657 680 1741 facultates,
708 1679 752 1725 an
776 1653 825 1728 eis
845 1656 926 1727 suus
946 1659 1176 1759 responderet

155 1775 314 1859 effectus.
363 1775 413 1847 Et
436 1801 567 1851 revera·
581 1792 770 1871 postquam
792 1773 944 1867 Marcus
968 1770 1007 1862 b)
1034 1775 1176 1847 eandem

157 1896 404 1989 apostolorum
432 1891 637 1964 missionem
664 1909 915 1983 memorasset,
953 1891 1096 1979 subdit,
1123 1918 1176 1963 ex·

157 2030 281 2084 euntes
306 2036 366 2081 eos
380 2011 615 2104 praedicasse,
629 2027 669 2081 ut
689 2004 934 2104 poenitentiam
955 2029 1119 2103 agerent,
1145 2028 1176 2080 et

153 2130 268 2207 multa
297 2125 473 2196 daemonia
503 2124 668 2210 eiecisse,
704 2144 739 2196 et
764 2124 908 2197 unxisse
927 2128 1022 2198 oleo
1051 2131 1176 2199 multos

155 2267 291 2337 aegros,
321 2261 355 2312 et
377 2243 523 2316 sanasse.
574 2239 630 2311 Sic
651 2240 765 2312 Lucas
787 2269 867 2315 cum
894 2262 1090 2332 narrasset,
1124 2243 1176 2314 de-

155 2336 536 2454 signasseDominuiir
563 2356 649 2430 alios
677 2359 898 2454 septuaginta
921 2357 1036 2461 duos,
1066 2379 1101 2433 et
1120 2358 1176 2439 mi·

155 2475 245 2547 sisse
275 2493 355 2558 ante
383 2475 507 2546 faciem
535 2477 631 2553 suam
661 2474 699 2545 in
730 2502 876 2547 omnem
905 2476 1111 2566 civitatem,
1147 2495 1177 2550 et

49 2653 50 2659 ,
154 2596 294 2679 locum,
335 2617 407 2686 quo
440 2612 514 2665 erat
538 2593 616 2690 ipse
641 2609 836 2679 venturus,
871 2612 1048 2667 memorat
1072 2598 1175 2693 paulo

88 2719 91 2722 ’
154 2729 258 2806 post,
285 2736 445 2782 reversos
473 2736 548 2782 esse
573 2711 793 2806 septuaginta
817 2711 909 2783 duos
937 2737 1018 2784 cum
1048 2713 1175 2808 gaudio

154 2827 313 2908 dicentes
333 2823 386 2915 cl:
415 2827 608 2914 „Domine
628 2825 732 2899 etiam
754 2815 931 2899 daemonia
950 2826 1177 2902 subiiciuntut

154 2940 259 3017 nobis
287 2944 323 3015 in
348 2945 494 3018 nomine
515 2967 586 3031 tuo.
637 2945 686 3018 Et
707 2945 755 3018 ait
775 2946 859 3025 illis:
888 2945 1067 3017 Videbam
1090 2946 1177 3020 Sata·

154 3089 236 3140 nam
264 3061 350 3132 srcut
371 3061 488 3156 fulgur
518 3059 563 3132 de
596 3065 687 3152 coelo
717 3064 914 3136 cadentem.
977 3061 1076 3136 Ecce
1099 3061 1178 3136 dedi

153 3177 259 3251 vobis
279 3196 490 3274 potestatem
509 3177 667 3255 calcandi
688 3182 793 3277 super
810 3175 1019 3279 serpentes,
1036 3202 1073 3254 et
1092 3183 1178 3254 soor·

152 3296 281 3390 piones
304 3315 339 3366 et
365 3295 466 3390 super
497 3322 641 3383 omnem
668 3297 832 3379 virtutem
859 3296 1009 3386 inimici,
1039 3317 1074 3371 et
1095 3297 1177 3371 nihil

152 3411 258 3483 vobis
277 3410 430 3483 nocebit.
440 3414 461 3448 ‘⁶
513 3412 607 3484 Cum
631 3415 787 3510 apostoli
807 3415 971 3490 viderent
989 3415 1179 3510 quemdam

152 3528 362 3613 innomine
389 3528 545 3618 Christi,
582 3551 623 3628 ut
650 3514 683 3604 S.
709 3532 864 3610 loannes
889 3532 1086 3621 referebat,
1124 3531 1178 3606 eii·

152 3643 304 3725 cientem
326 3645 520 3736 daemonia,
547 3649 811 3744 prohibuerunt
832 3676 912 3723 eum
931 3645 989 3738 d):
1016 3659 1111 3730 Jesus
1127 3677 1178 3720 ou·

151 3784 215 3851 ¹tem
235 3773 307 3868 uit:
351 3773 452 3836 Nolite
472 3776 634 3855 prohibere
662 3796 759 3841 eum:
793 3795 878 3854 nemo
904 3767 952 3847 est
977 3777 1086 3855 enim,
1127 3774 1178 3860 qus

191 3943 343 4016 u)-Mrtuh.
369 3943 404 4002 X.
434 3961 456 4004 t.
553 3946 582 4026 b)
609 3951 695 4023 Marc.
723 3951 771 4017 VI.
798 3965 840 4016 ις.
935 3949 965 4028 ρ)
986 3949 1049 4019 Luc,
1075 3951 1111 4013 Χ
1135 3962 1173 4020 17·

237 4029 270 4105 l)
290 4030 378 4100 antra.
403 4028 454 4101 IX·
482 4043 526 4100 st.
