2460 4560
447 321 714 386 .....--·-·.......,
1002 346 1071 410 142

57 493 111 544 set:
148 480 216 556 Ego
231 477 308 558 sum
332 481 428 559 ponis
452 482 576 555 vivus,
610 474 665 560 qui
689 479 726 541 de
752 480 823 540 celo
849 450 1002 558 descendi,
1042 495 1074 544 et

54 596 209 659 dicebant:
248 597 352 656 Nonne
373 595 423 656 bie
449 608 504 656 ert¹
518 595 608 666 Jesus·
624 591 712 672 filius
737 590 874 688 Josepb,
910 601 995 660 cuius
1017 619 1072 659 nos

52 716 191 775 novimus
211 725 338 794 patrem
364 725 395 776 et
421 707 581 775 matrem?
620 712 778 794 Quomodo
804 733 873 791 ergo
899 716 976 775 dicit
1000 715 1073 776 bie.-

51 835 121 914 quio
140 823 178 892 de
196 832 268 893 coelo
291 826 457 893 descendi?
485 819 540 893 Sic
557 845 637 891 cum
655 813 759 893 lesus
776 819 836 911 o),
863 821 1073 907 „mediante

50 940 136 1010 festo
175 939 385 1009 ascenderet
417 935 454 1006 in
486 940 655 1032 templum
666 985 676 1023 ,-
714 958 750 1008 et
773 939 936 1025 doceret,
961 938 1073 1015 ,mira

51 1055 196 1141 bantur,
218 1052 528 1129 Judaeiydicentesz·
552 1052 751 1146 Quomodo
773 1054 830 1126 hic·
848 1057 978 1127 litteras
998 1055 1071 1143 scit,

50 1197 127 1246 cum
166 1198 243 1242 non
283 1166 480 1242 didicerit?
524 1169 732 1268 Respondit
775 1171 824 1243 eis
850 1163 993 1260 lesus,
1037 1194 1073 1246 et

49 1288 159 1360 dixit:
199 1287 293 1359 Mea
323 1281 487 1359 doctrina
516 1307 592 1358 non
618 1307 670 1359 est
690 1308 790 1376 mea,
819 1281 880 1360 sed
906 1290 980 1361 eius
1010 1289 1072 1385 qui

48 1404 148 1485 misit
163 1428 221 1476 me
243 1424 307 1476 etc.
367 1404 548 1476 Dicebant
575 1428 660 1500 ergo
688 1406 833 1501 quidam
860 1433 906 1478 ex
924 1408 1071 1480 'leroso-

46 1519 172 1617 lymis:
203 1513 339 1592 Nonne
354 1521 412 1593 hic·-
431 1541 500 1608 est,
528 1548 634 1617 quem
659 1513 821 1618 quaerunt
843 1524 1070 1597 interlicere?

47 1636 226 1732 Nunquid
244 1664 329 1712 vere
347 1659 596 1733 cognoverunt
617 1639 815 1735 p1·incipes,-
838 1641 920 1736 quia
940 1642 998 1713 hic-
1020 1663 1072 1714 est

48 1752 248 1826 Christus?
299 1755 369 1826 Sed
399 1757 495 1842 hunc
522 1757 650 1826 scimus
677 1757 773 1828 unde
801 1757 860 1828 fit:
907 1756 1071 1853 Christus
1185 1742 1187 1746 Α

45 1891 163 1944 autem
190 1891 271 1943 cum
292 1871 450 1956 venerit,
477 1898 584 1943 nemo
605 1872 687 1958 scit,-
714 1866 811 1944 unde
834 1874 916 1944 [1ῑὲί
967 1874 1071 1970 Spec-

44 1987 169 2062 tabant
201 1983 308 2083 igitur
337 1982 449 2059 ludaei
481 1988 517 2057 in
547 1980 611 2060 suo
645 1988 785 2062 Messio
819 1982 920 2063 aliam
952 1991 1070 2073 adhuc

43 2129 208 2179 arcanam
231 2099 427 2201 originem,
451 2100 678 2203 praeteream
708 2125 753 2178 ex
783 2099 915 2179 semine
946 2107 1071 2182 David

44 2212 240 2293 fecundum
261 2241 420 2309 carnem,
447 2244 554 2318 quam
576 2247 657 2296 cum
681 2224 718 2295 in
742 2217 888 2298 Christo
914 2252 989 2298 non
1011 2251 1070 2322 ag·

44 2358 259 2425 noscerent,
294 2335 352 2411 vel
379 2334 463 2414 hinc
491 2343 644 2414 maxime
673 2369 797 2415 eorum
828 2344 1068 2441 perplexitas:
1181 2359 1184 2369 ’

43 2467 101 2525 alii
123 2465 266 2526 dicebant
288 2451 354 2544 b).·
381 2466 441 2527 Hic
467 2477 512 2529 est
543 2470 689 2532 Christus:
738 2466 873 2552 Quidam
896 2484 1000 2532 aretem
1023 2471 1070 2532 di·

43 2584 181 2644 cebant:
226 2575 374 2664 Nunquid
409 2601 430 2643 a
466 2581 592 2644 Golilaea
622 2588 712 2646 uenit
748 2587 917 2647 cbristus?
964 2589 1069 2649 Nonne

34 2695 199 2778 scripturo
216 2697 312 2759 dicit:
339 2699 425 2781 Quin
445 2691 611 2780 exsemine
633 2695 743 2762 David
753 2742 764 2779 ,-
789 2703 875 2764 etde
896 2703 1069 2766 Bethlehem

43 2814 190 2892 castello,
219 2809 272 2877 ubi
293 2823 361 2876 erat
386 2811 519 2893 David,
539 2821 628 2880 venit
647 2811 806 2894 cbristus?
830 2819 988 2884 Dissentio
1007 2824 1070 2885 ita·
1130 2808 1133 2817 ’

42 2950 101 3014 que
118 2930 218 3010 faeta
236 2912 281 2994 est
308 2935 342 2994 in
363 2933 455 3001 turba
468 2940 601 3016 propter·
623 2955 703 2998 eum:

102 3155 200 3229 Cum
219 3175 303 3230 tunc
319 3149 420 3230 Jesu's'⁴
435 3153 631 3256 perenisset¹
647 3153 684 3232 in
702 3182 860 3234 montem
875 3160 1008 3234 Oliveti
1020 3159 1069 3251 c),

43 3293 77 3346 et
101 3275 262 3346 diluculo
287 3275 414 3348 iterum·
441 3278 596 3350 venisset
622 3280 659 3347 in
681 3281 872 3373 templum,
900 3279 967 3350 hac
990 3305 1070 3374 caps
1145 3364 1149 3371 ,

42 3411 113 3464 tata
130 3391 323 3463 occasione
342 3411 578 3486 concurrente
595 3393 694 3465 omni
714 3398 854 3490 populo
871 3390 931 3483 d),
957 3406 1073 3466 iternm'
1173 3460 1180 3471 ,

41 3519 161 3580 loeutus
185 3531 231 3580 est
260 3522 303 3580 eit
328 3519 418 3590 Jesns
443 3521 567 3583 dicens:
594 3521 659 3596 Ego
673 3518 751 3598 sum·
776 3521 832 3580 lux
856 3521 987 3581 mundi:
1013 3525 1070 3604 qui

34 3633 180 3718 sequitur
198 3653 263 3713 me,
291 3648 351 3697 non'
371 3629 511 3698 ambulat
531 3630 725 3712 intenebris,
741 3631 804 3714 sed
823 3628 945 3700 habebit
967 3640 1069 3703 lumen

42 3756 122 3814 viee.
151 3742 201 3816 Et
217 3743 344 3818 iterum
359 3771 440 3817 cum
453 3736 715 3819 sustollentibus
733 3743 866 3842 lapides
879 3746 1007 3820 ludaeis
1021 3746 1068 3838 e),

67 3927 114 4002 ,n)
141 3925 186 3991 Jo.
216 3926 283 3988 VII.
310 3941 349 4000 14·
374 3938 430 3994 etc„
528 3927 561 4002 b)
590 3928 627 3991 lb.
651 3943 697 4002 41.
811 3929 840 4009 c)
867 3931 906 3992 lb.
934 3930 1017 3995 VIII.
1042 3947 1066 3992 ι.

129 4013 160 4087 d)
182 4010 224 4074 lb.
250 4027 292 4072 ια.
392 4015 419 4088 ι)
441 4011 481 4072 lb.
507 4027 551 4080 59.
