2460 4560
152 361 204 433 ῃ
281 357 283 363 r
555 282 788 384 ,.--.-·-

151 515 268 567 nus..
290 485 417 561 Similis
441 485 652 559 miraculosa
681 505 764 583 post
789 483 1088 561 resurrectionem
1112 488 1176 563 fuit

150 606 298 732 piscatio
321 606 359 677 in
381 603 469 677 mari
487 602 694 676 Tiberiadis
715 600 773 694 a);
802 623 887 701 post
902 631 998 706 eam
1005 633 1098 680 vero
1115 604 1178 680 Pc-

150 745 226 814 tro,
252 721 457 798 testimonio
482 720 609 796 amoris
632 721 822 817 praecipui,
844 740 932 796 o'ves
957 725 1038 795 luas
1062 742 1098 796 et
1120 749 1177 821 ag·

150 869 219 917 nos
235 841 444 941 pascendos
465 830 660 928 commisit,
691 858 799 935 prout
827 838 1018 912 dudum
986 866 1020 912 er
1048 840 1178 937 promi

144 979 260 1038 serat:
297 968 339 1028 Et
365 985 418 1043 ego
446 967 514 1028 dica
538 966 613 1042 tibi,
651 967 727 1047 quia
742 977 788 1026 'tu
815 984 846 1028 es
872 967 1006 1044 Petrus,
1037 979 1068 1028 tt
1079 966 1177 1050 super

151 1088 230 1151 lianc
246 1097 372 1167 petram
398 1082 550 1160 edificabo
575 1082 742 1149 Ecclesiam
768 1101 887 1159 meam,
917 1095 949 1146 et
965 1097 1065 1164 porta
1086 1085 1180 1164 inseri

93 1251 95 1255 Α
150 1223 212 1268 aon
237 1201 448 1282 prevalebunt
477 1200 625 1263 adversus
653 1211 732 1266 eam.
795 1190 908 1282 Quod
939 1209 979 1262 ut
1008 1211 1092 1264 ante
1123 1191 1178 1263 bis

150 1310 247 1382 mille
268 1334 381 1395 annos
405 1307 613 1404 praedictum
633 1305 702 1379 fuit
722 1326 757 1381 et
780 1298 1013 1384 coustitutum
1035 1335 1055 1381 a
1074 1307 1177 1380 Chri-

150 1446 225 1513 st0‚
253 1426 423 1498 hactenus
447 1426 584 1522 semper
604 1443 768 1520 experta,
790 1424 855 1501 stat
873 1422 1092 1497 inconcussa
1111 1424 1177 1496 Ec·

98 1595 101 1599 -
151 1540 258 1617 clesia
280 1543 385 1641 super
405 1561 543 1638 petram
563 1540 756 1627 aedificata,
783 1561 897 1618 morte
923 1541 975 1615 D.
999 1541 1098 1616 Petri
1120 1542 1176 1614 de·

151 1653 288 1746 dicata,
323 1685 436 1755 quam
465 1658 497 1736 ei
531 1657 692 1733 Christus
724 1660 958 1754 praedixerat,
993 1659 1107 1747 dum,
1138 1679 1177 1733 ut

150 1778 264 1850 modo
294 1776 540 1864 meminimus,
577 1794 661 1872 post
689 1775 981 1851 resurrectionem
1018 1803 1107 1850 oves
1143 1795 1176 1848 et

45 1977 53 1998 ἱ
150 1917 263 1990 agnos
286 1893 496 1991 pascendos
512 1892 708 1974 commisit:
741 1903 813 1972 Cum
835 1920 911 1969 esses
933 1905 1054 1981 iurrr'or,
1082 1906 1177 1980 cirrge·

150 2021 206 2082 lras
226 2033 273 2097 te,
295 2033 327 2083 et
346 2020 544 2100 ambulabas,
569 2039 629 2101 quo
648 2020 796 2087 volebas:
817 2037 886 2085 tum
906 2032 1011 2082 autem
1021 2019 1176 2100 senueris,

83 2180 86 2190 ,
150 2137 293 2199 extendes
311 2154 419 2197 manus
441 2147 512 2196 tuas
533 2122 590 2197 etc.
615 2125 652 2197 in
672 2152 777 2208 cruce
797 2125 981 2215 nimirum,
1004 2131 1175 2225 exemplo

149 2242 306 2338 magistri
316 2245 507 2339 suspensus
522 2242 671 2335 Romae,
689 2252 760 2330 ulrr',
779 2242 1007 2321 Tertulliano
1022 2263 1113 2318 teste
1125 2242 1174 2339 b),-

150 2371 267 2432 Petrus.
284 2372 426 2450 passioni
446 2370 599 2435 dominica
623 2371 813 2452 adaquatur.
876 2359 1034 2432 Calicem
1069 2363 1174 2434 etiam

61 2476 68 2486 ’
148 2476 301 2550 Domini
325 2476 519 2557 bibitcum
538 2479 643 2560 fratre
666 2477 699 2553 S,
718 2478 890 2564 loannes,
917 2477 978 2572 qui
998 2478 1076 2551 haec
1099 2504 1175 2559 nar-

148 2613 272 2682 rat,·a
295 2615 409 2670 morte
433 2614 570 2682 tamea,
605 2615 714 2691 prout
744 2575 933 2689 utrumque
961 2595 1172 2690 praedictum

148 2713 262 2786 iuerat
284 2739 304 2784 a
332 2712 417 2800 Cht'
408 2732 497 2801 reta,
491 2731 768 2821 praeservatur
794 2724 828 2781 ia
855 2721 954 2783 oleam
981 2725 1105 2796 igneum
1126 2723 1174 2784 de·

146 2858 295 2918 mersus,
310 2860 340 2901 ru
343 2840 391 2900 u
406 2857 540 2933 passas,
568 2848 677 2928 prout
706 2832 731 2908 l
760 2854 790 2901 c.
817 2853 929 2925 porro
956 2853 1172 2903 commemo·

148 2967 202 3021 rat
222 2947 476 3037 Tertullianus

226 3183 320 3255 Cum
341 3182 522 3293 primum
516 3180 670 3258 mitteret
693 3178 855 3254 Christus
872 3177 1084 3295 Apostolos
1090 3181 1193 3254 suos·

150 3300 294 3373 daris
265 3327 314 3389 ers
336 3300 501 3387 virtutem
529 3319 565 3371 et
588 3319 800 3396 potestatem
821 3301 932 3394 super
958 3299 1079 3371 omnia
1105 3299 1173 3371 dae·

147 3416 289 3504 monia,
314 3435 349 3504 et
369 3436 409 3503 ut
429 3420 618 3518 lanquares
640 3435 819 3503 curarent,
848 3442 888 3488 ac
911 3441 1056 3492 omnem
1076 3413 1172 3489 infir·

146 3533 325 3630 mitatem3
352 3547 400 3608 ait
416 3545 460 3606 ad
474 3545 542 3622 ilos
561 3530 596 3627 c)
610 3567 632 3604 .··
652 3545 741 3613 Nihil
760 3545 895 3621 tuleritis
916 3546 950 3605 in
970 3546 1048 3620 oia,
1076 3561 1171 3627 neque

146 3665 289 3740 virgam,
316 3681 410 3745 neque
423 3682 556 3746 peram,
583 3682 679 3746 neque
700 3679 839 3743 panem,
861 3678 956 3742 neque
978 3663 1170 3740 pataream,

146 3794 240 3862 ireque
259 3782 337 3863 duas
358 3784 478 3847 turritas
496 3780 647 3844 lrabeatr'a
697 3767 759 3842 De
782 3768 1029 3863 experimento
1050 3769 1169 3842 autem

144 3887 248 3960 huius
263 3868 315 3959 rei
338 3908 442 3990 capto
465 3913 545 3959 cum
563 3887 680 3958 adhuc
697 3911 777 3960 cum
799 3885 942 3958 Christo
966 3904 1084 3958 essent
1102 3882 1178 3982 ipsi„

186 4039 216 4114 a)
235 4038 280 4104 Jo.
305 4036 386 4094 XXI.
469 4037 499 4110 lr)
509 4038 563 4094 1-Ιὶε
585 4037 731 4109 Praesaipt.
752 4055 778 4094 n.
803 4039 846 4108 36.
879 4107 881 4112 Ι
929 4035 961 4112 a)
982 4036 1047 4099 auc.
1069 4037 1125 4096 IX.

72 4184 153 4280 h.
