2460 4560
76 76 81 102 .

1 39 727 431 *Be-''¹''-

100 432 268 557 venusin
301 481 433 576 templo
465 477 662 550 vendentes
692 477 836 564 boves,
872 495 908 550 et
934 502 1044 566 oves,
1079 495 1110 550 et

98 597 301 683 columbas,
337 608 371 670 'et
394 594 646 677 nummularios
673 596 844 667 sedentes.
895 595 943 667 Et
968 622 1048 668 oum
1068 597 1112 667 l·

100 716 205 815 cisset
232 713 328 810 quasi
359 712 538 807 flagellum
569 711 613 782 de
641 712 825 800 funiculis,
862 738 988 784 omnes
1020 711 1124 790 eiecit

100 832 147 904 de
167 835 324 928 templo,
351 854 436 912 oves
456 854 600 924 quoque
627 850 661 901 et
686 830 820 916 boves,
849 833 885 902 et
906 829 1111 902 numulario

67 948 72 967 ¹
99 974 178 1020 rum
201 947 324 1019 effudit
342 972 409 1047 aes,
436 967 472 1018 et
493 936 631 1018 mensas
655 946 834 1020 subvertit.
884 947 933 1019 Et
958 947 1034 1035 his,
1059 943 1109 1043 qui

22 1064 25 1072 ’
100 1063 284 1137 columbas
308 1063 530 1147 vendebant,
558 1062 667 1132 dixit:
688 1062 845 1135 ‘Auferte
865 1062 935 1137 ista.
955 1064 1110 1151 hinc,'et

100 1179 211 1253 nolite
237 1180 351 1251 facere
378 1180 525 1276 domum
551 1176 661 1249 Patris
688 1180 766 1251 mei·
788 1180 936 1251 domum
964 1174 1109 1276 negotia·

100 1295 249 1383 tionis,“
276 1297 467 1391 ostendens
490 1321 527 1368 se
545 1296 693 1368 coelestis
712 1295 824 1368 Patris
844 1297 969 1368 filium.
1018 1283 1110 1384 „Re-

101 1410 236 1484 cordati
255 1414 337 1485 suut
348 1439 437 1485 vero
457 1410 617 1508 discipuli
635 1413 729 1501 eius,
757 1413 838 1508 quia
855 1411 1026 1508 scriptum
1046 1431 1106 1485 cst:

12 1605 23 1627 N
98 1530 212 1602 Zelus‘
248 1521 384 1602 domus
410 1550 479 1602 tuae
520 1529 677 1603 comedit
708 1555 774 1603 me.
834 1517 1111 1626 Responderunt

5 1679 7 1682 ’
100 1671 186 1742 ergo
206 1645 334 1735 ludaei,
355 1666 389 1718 et
407 1647 575 1722 dixerunt
592 1647 642 1718 ei:
666 1646 778 1738 Quod
802 1647 937 1740 signum
961 1647 1110 1743 ostendis

6 1752 8 1758 ’
60 1790 79 1848 ᾗ
96 1763 224 1850 nobis,
251 1764 333 1860 quia
355 1762 430 1836 haec
451 1764 563 1836 facis?
591 1763 795 1859 Respondit
819 1763 937 1863 lesus,
969 1784 1005 1836 et
1032 1762 1113 1836 dixit

12 1910 14 1916 ·
101 1881 172 1956 eis:
200 1881 332 1953 Solvite
347 1885 515 1977 templum
529 1883 622 1968 hoc,
649 1900 684 1952 et
707 1880 745 1951 in
773 1879 883 1952 tribus
909 1880 1112 1954 diebusex·

100 1997 219 2069 citabo
245 1997 341 2068 illud.
393 1997 577 2070 Dixerunt
602 2023 686 2092 ergo
712 1996 845 2068 ludaei:
875 1996 1114 2093 Quadraginta

101 2096 137 2185 et
155 2116 216 2185 sex
238 2113 337 2184 annis
361 2113 570 2184 aedificatum
594 2135 647 2183 est
668 2116 838 2208 templum
857 2114 947 2199 hoc,
968 2135 1007 2187 et
1025 2135 1063 2186 tu
1082 2101 1125 2183 in

19 2239 21 2246 '
97 2231 209 2302 tribus
239 2228 362 2300 diebus
388 2230 554 2301 excitabis
582 2229 701 2300 illud?
745 2231 808 2301 Ille
835 2249 953 2301 autem
982 2231 1116 2303 dicebat

100 2349 145 2420 de
167 2339 302 2442 templo
327 2347 486 2440 corporis
513 2345 574 2416 lui.
637 2346 730 2417 Cum
760 2371 846 2440 ergo
872 2349 1116 2419 resurrexisset

34 2447 36 2451 ⁸
99 2491 129 2536 a·
141 2463 309 2555 mortuis,
336 2463 510 2536 recordati
532 2464 612 2534 sunt
634 2463 794 2559 discipuli
820 2461 917 2548 eius;
945 2463 1031 2559 quia
1052 2465 1127 2535 hoc·

98 2562 255 2666 dicebat,
280 2601 321 2683 et
331 2581 557 2653 crediderunt
573 2580 751 2676 scripturae
771 2598 806 2651 et
822 2581 992 2667 sermoni,
1013 2606 1145 2681 quemf.

75 2791 78 2798 Ι
99 2698 189 2770 dixit
208 2686 375 2800 lesus'a).
389 2702 410 2736 “
442 2698 716 2770 Observandum
739 2722 845 2781 vero,
870 2696 1054 2771 Christum
1073 2698 1117 2769 in·

99 2813 252 2888 numeris
287 2812 361 2886 aliis
392 2815 489 2910 apud
520 2814 662 2886 ludaeos
691 2813 892 2884 inclaruisse
924 2813 1115 2901 miraculis,

98 2931 144 3004 ad
167 2955 244 3026 quae
270 2929 321 3001 illi
352 2932 471 3003 omnia
496 2932 717 3003 obdurarunt
743 2930 908 3003 animum.
961 2931 1049 3028 Spes
1071 2950 1116 3004 est

98 3068 214 3120 tamen
237 3049 341 3119 nobis
363 3049 399 3120 in
422 3049 596 3144 scripturis
621 3048 717 3119 haud
743 3048 894 3120 obscure
916 3046 1030 3134 lacta,
1060 3070 1114 3120 eos

97 3168 217 3238 salte-m
236 3166 425 3259 aliquando
444 3185 525 3236 ante
543 3164 835 3240 resurrectionem
855 3163 1029 3236 universae
1050 3191 1117 3237 car·

99 3283 173 3368 uis,
201 3282 298 3354 cuius
327 3263 600 3378 chirographum
627 3281 664 3353 in
696 3280 829 3353 Christi
859 3283 1114 3355 resurrectione

96 3399 282 3486 habemus,
298 3426 377 3471 cum
393 3379 570 3500 discipulis
579 3399 686 3495 ipsius
698 3396 959 3484 recordaturos,
975 3411 1116 3490 quiahoc

42 3515 46 3527 '
98 3525 199 3600 dixit,
212 3538 244 3586 'et
257 3511 424 3588 credituros
426 3518 606 3607 scriptura,
622 3525 795 3606 etsermoru’
802 3572 811 3601 ,
825 3544 913 3606 quem
927 3525 1012 3587 dixit
1019 3526 1115 3601 Jerus,

97 3656 360 3727 conversosque
389 3634 568 3706 Christum
596 3632 770 3704 Messiam
796 3634 896 3708 suum
923 3633 1113 3726 agnituros.

178 3747 243 3818 Est
275 3749 345 3821 hoc
380 3750 496 3845 ipsum
533 3751 667 3844 siguum
705 3751 749 3821 de
779 3760 855 3844 'quo
891 3749 997 3836 alibi,
1035 3775 1115 3823 curn

95 3866 237 3961 quidam
263 3891 307 3936 ex
333 3867 450 3938 scribis
479 3887 514 3939 et
536 3867 729 3940 Pharisaeis'
749 3868 843 3939 idem
869 3867 1114 3965 iterum'pete·

136 4015 165 4088 a)
180 4016 232 4096 J⁰⁰
260 4016 300 4076 ll.
328 4033 370 4084 14.
453 4054 456 4060 ,
