2460 4560
496 405 727 423 ———-—=-

1050 386 1119 459 ¹55

85 516 216 614 aquila
245 515 496 588 Romanorum
525 515 661 610 signum
686 514 834 589 militare
862 517 975 590 adluit
999 518 1125 592 Hiero·

84 633 247 730 solymis
283 633 327 703 ad
359 633 431 704 eius
469 631 695 706 excisionem.
756 635 870 730 Apud
905 637 1124 709 Matthaeum

84 752 207 823 verba
239 750 296 821 illa
323 770 508 847 ponuntur
535 749 625 825 inter
653 749 749 850 signa
777 753 922 830 secundi
949 753 1124 825 adventus
1193 739 1208 751 ’

87 866 233 940 Christi
256 863 317 959 c):
346 866 473 952 „Sicut
493 865 585 936 enim
603 866 720 961 fulgur
739 867 811 973 enit
831 869 875 944 ab
896 868 1066 956 Oriente,
1090 889 1126 942 et

84 1005 198 1080 paret
226 1009 339 1079 usque
365 984 402 1055 in
438 983 669 1057 Occidentem
687 1009 713 1081 :²
730 984 779 1054 ita
804 985 928 1057 enitet
950 987 1124 1060 adventus
1176 1000 1188 1043 ’κ

84 1101 172 1174 Filii
197 1101 363 1208 hominis.
403 1088 620 1202 Ubicunque
643 1099 747 1174 luerit
769 1127 920 1199 corpus,
947 1103 1017 1178 illic
1041 1129 1125 1175 con·

84 1237 289 1314 gregantur
318 1237 353 1291 et
379 1217 514 1312 aquilae,
581 1216 700 1291 Statim
728 1235 956 1314 autempost
982 1218 1124 1291 tribula·

85 1336 233 1408 tionem
261 1333 396 1419 dierum
418 1334 579 1419 illorum,
606 1334 657 1413 sol
686 1333 951 1424 obscurabitur,
979 1358 1014 1409 et
1037 1340 1123 1409 luna
1175 1335 1177 1341 ’

86 1478 170 1523 non
198 1450 300 1525 dabit
325 1453 445 1531 lumen
468 1452 588 1542 fuum,
618 1469 652 1527 et
677 1450 781 1525 stellae
806 1453 933 1529 cadent
952 1454 998 1545 de
1018 1457 1120 1540 coe10,

85 1587 123 1640 et
166 1567 317 1643 virtutes
359 1571 529 1642 coelorum
572 1568 922 1647 commovebuntur:
964 1588 999 1642 et
1035 1590 1121 1642 tunc
1162 1578 1165 1582 ’
1206 1590 1215 1610 ·

85 1683 233 1780 parebit
271 1683 406 1778 signum
441 1684 519 1754 Filii
550 1682 703 1759 hominis
735 1682 772 1752 in
803 1687 922 1762 coelo:
974 1704 1009 1756 et
1036 1704 1121 1755 tunc

86 1805 269 1896 plangent
291 1826 415 1871 omnes
440 1799 550 1871 tribus
576 1818 697 1869 terrac:
735 1819 769 1871 et
788 1799 968 1871 videbunt
992 1799 1120 1870 Filium

86 1916 249 1989 hominis
281 1917 484 1989 venientem
514 1901 551 1985 in
582 1915 738 1990 nubibus
768 1915 847 1996 coeli
877 1941 958 1989 cum
988 1915 1120 1990 virtute

85 2038 203 2108 multa
229 2051 264 2104 et
287 2033 468 2116 maiestate
496 2051 559 2114 etc,
574 2033 596 2079 ‘⁶

168 2266 349 2362 Equidem
377 2265 575 2363 promiscue
606 2288 790 2368 ponuntur
816 2268 913 2365 signa
941 2268 1000 2341 illa
1028 2268 1121 2342 exci-

86 2384 205 2458 sionis
227 2384 325 2455 nrbis
345 2384 602 2481 Hierosolymae
623 2406 658 2466 et
678 2385 795 2472 orbis,
819 2388 880 2458 seu
900 2413 1119 2460 consumma-

86 2501 200 2575 tionis
233 2500 349 2577 saeeuli
379 2497 437 2594 b):
475 2512 512 2572 de
541 2512 590 2574 die
620 2525 724 2573 natam
763 2513 820 2570 ida
857 2525 891 2573 et
917 2498 995 2574 liora
1032 2533 1117 2575 nemo

78 2629 166 2703 scit,
191 2644 290 2708 neque
313 2627 412 2701 angeli
436 2628 593 2703 calorum,
621 2630 680 2698 nisi
689 2627 780 2706 stilus
804 2628 908 2694 Pater.
946 2618 1118 2713 Quando·

86 2733 239 2832 quidem
260 2759 326 2804 nos
343 2734 479 2829 [emper
501 2733 646 2833 vigilare
664 2736 760 2822 vult,
785 2745 878 2825 qnia,
901 2733 966 2821 ait,
986 2749 1115 2823 nescitis,
1163 2832 1169 2839 ¹

85 2879 156 2944 qna
177 2860 258 2919 liora
278 2857 427 2920 Dominus
448 2873 550 2923 nester
568 2854 717 2922 uenturus
731 2857 786 2936 stt.
837 2850 1005 2947 Apertius
1027 2872 1117 2923 utra·

86 2993 162 3063 que
203 2965 374 3042 desolatio
414 2968 510 3040 urbis
550 2987 586 3040 et
623 2966 719 3039 orbis
757 2965 980 3060 distinguitur
1020 2968 1116 3061 apud
1212 3010 1214 3016 ·

86 3083 227 3155 Lucam
251 3080 306 3170 c):
338 3094 410 3164 Cant
430 3107 534 3157 autem
553 3094 697 3165 videritis
717 3094 901 3163 circumdari
924 3093 961 3152 ab
980 3095 1116 3153 exercitu

86 3209 286 3288 Jerusalem,
314 3221 385 3323 tunc
397 3209 537 3288 scitote,
571 3214 648 3293 quia
673 3213 939 3291 appropinquavit
967 3209 1116 3299 desolatio
1147 3192 1150 3197 .

85 3330 177 3402 cias,
213 3341 317 3411 quam
342 3336 427 3411 post
450 3343 563 3389 annos
595 3316 825 3414 quadraginta
851 3335 935 3395 tunc
958 3316 1038 3386 sunt
1058 3341 1118 3387 ex·

86 3431 211 3530 perti,
248 3433 572 3530 experianturque,
606 3418 714 3530 prout
746 3457 833 3502 mox
863 3431 1018 3531 sequitur
1048 3428 1113 3520 ὣς

90 3559 134 3620 Et
161 3559 329 3620 cadentia
354 3579 406 3621 ore
428 3561 551 3639 gladii,
587 3571 618 3620 et
643 3560 764 3638 caprini
788 3558 935 3623 ducentur
958 3560 989 3618 in
1016 3579 1117 3621 omnes

89 3672 215 3751 gentes,
249 3687 280 3736 et
304 3675 475 3746 Jerusalem
507 3676 675 3738 calcabitur
701 3694 722 3735 a
748 3673 906 3749 gentibus,
943 3677 1034 3737 donec
1060 3679 1117 3736 im·

90 3792 234 3869 plcantnr
265 3805 406 3873 tempora
440 3795 609 3855 nationum.
679 3779 745 3852 Ad
779 3779 972 3886 discipulos
1009 3803 1115 3877 gente

134 3965 162 4039 i)
177 3966 283 4122 grani.
308 3966 417 4025 xxia.
441 3930 499 4035 27(
575 3965 604 4041 n)
626 3964 666 4022 n.
690 3969 752 4036 aa·
824 3963 854 4042 c)
875 3965 937 4023 nn.
963 3964 1042 4024 xxi.
1069 3981 1111 4022 20.

251 4053 274 4107 l.
300 4065 342 4116 24·

1149 4076 1212 4264 t
