2460 4560
569 327 576 334 ,
681 326 683 330 ι

168 369 217 436 go

116 565 119 568 ,
244 494 376 569 Narrat
399 487 531 568 deinde
551 493 805 588 Evangelista,
837 494 1025 591 quomodo
1049 496 1189 572 Jesusa

98 679 101 682 ι
167 613 315 687 Galilaea
351 612 489 687 venerit
522 610 560 681 in
598 600 790 682 Iordanem
823 614 870 684 ad
906 615 1111 702 ioannem,
1154 634 1191 688 ut

165 731 404 828 baptizaretur
427 729 474 800 ab
499 753 544 800 eo
569 723 635 817 a),
668 715 731 799 ubi
759 744 834 800 ιιοιι
860 720 930 802 iam
956 731 1099 825 angeli,
1131 731 1190 803 [ed

166 848 335 943 singulae,
372 835 592 917 divinissima
615 831 802 945 Evangelii
832 844 965 918 Christi
997 843 1151 919 Verbi
1141 873 1191 919 rn-

167 964 300 1037 carnati
325 951 549 1049 oeconomia5
584 975 795 1057 comparent
817 962 875 1034 SS
902 953 1090 1036 Trinitatis
1116 989 1190 1060 per·

164 1105 285 1167 sonae,
321 1075 357 1151 in
383 1071 548 1208 <fuorunt
562 1077 707 1184 nornine
729 1067 893 1153 Christus
916 1096 1044 1178 postea
1064 1071 1190 1177 baptis·

43 1275 47 1294 ,
165 1223 264 1269 mum
288 1189 425 1268 suum
415 1189 589 1281 instituit
616 1196 701 1268 dum
725 1200 910 1309 apdstoios
930 1199 1015 1269 suos·
1030 1198 1084 1269 ad
1107 1221 1188 1294 prae·

165 1306 357 1384 dicandum
378 1304 649 1407 Evangelium
639 1332 676 1384 m
702 1312 908 1386 universum
931 1313 1107 1407 mundum
1130 1313 1189 1385 mi·

163 1429 226 1501 sit:
254 1420 488 1525 „Baptizatus
503 1447 642 1516 autem,
660 1418 865 1503 suntverb'a
880 1429 1121 1525 Evangelistae
1139 1428 1186 1520 t),

164 1545 265 1619 Jesus
293 1536 478 1618 confestim
505 1522 665 1617 ascendit
688 1544 734 1616 de·
759 1562 869 1641 aqua,-
904 1563 940 1620 et
970 1564 1052 1619 ecce
1081 1546 1188 1643 aperti

163 1663 245 1735 sunt
271 1654 303 1734 ei
327 1652 430 1749 coeli,
456 1680 492 1733 et
517 1659 615 1735 vidit
630 1659 786 1788 spiritum
814 1653 888 1735 Dei
911 1663 1187 1736 descendentem

163 1779 252 1852 ficut
272 1772 493 1865 columbam,
520 1795 556 1850 et
580 1776 783 1872 venientem
808 1780 913 1875 super
937 1805 988 1854 se.
1037 1769 1088 1852 Et
1108 1805 1187 1854 ecce

163 1921 239 1969 vox
260 1896 306 1967 de
327 1885 425 1968 coelis'
447 1896 590 1968 dicensi
613 1894 687 1968 'Hic
714 1897 880 1979 estfiliusl
904 1912 1007 1970 meus·
1028 1897 1185 1984 dilectus,

161 2000 200 2084 in
226 2037 301 2107 quo
327 2005 421 2083 mih'i.
438 2009 651 2108 complacui.
664 2015 689 2050 ‘⁰
748 2014 807 2084 En
833 2033 1017 2110 paternam
1043 2007 1090 2087 de
1115 2013 1186 2088 uni·

160 2125 284 2221 genito
306 2123 399 2199 Filio
421 2121 485 2200 suo
504 2147 655 2214 vocem,
675 2116 713 2197 in
733 2144 808 2222 qun
828 2129 976 2202 homine
995 2121 1091 2203 facto
1110 2133 1184 2204 solo

114 2248 117 2252 ’
161 2243 226 2316 fibi
258 2239 482 2342 complacere
512 2242 654 2340 potuit,
688 2243 828 2316 iamiam
864 2263 996 2341 'genere
1027 2237 1184 2320 humano

159 2385 227 2457 per
240 2351 422 2433 Christum
439 2358 656 2456 baptizando
673 2370 706 2430 in
719 2364 837 2450 Spiritu
849 2371 961 2434 Sancto
977 2376 1009 2434 et
1019 2365 1107 2449 igni:
1125 2362 1184 2459 qui

157 2477 308 2577 Spiritus
328 2475 401 2549 Dei
425 2467 516 2550 hic
506 2503 544 2547 ιιι
564 2474 681 2574 specie
700 2469 875 2551 columbae
895 2498 1064 2577 apparet:-
1075 2480 1184 2553 idem

158 2622 234 2692 quo
257 2597 358 2668 suum
383 2583 538 2666 ioannes·
567 2613 588 2666 a
613 2584 792 2690 baptismo·
817 2595 951 2667 Christi
977 2587 1182 2694 distinguit,

157 2736 267 2810 quem
283 2703 470 2785 instituens
484 2704 648 2784 Christus¹
664 2722 750 2807 post
764 2694 1062 2785 resurrectionem
1077 2717 1180 2802 fuam,

141 2829 291 2916 ¹„Data
312 2841 366 2901 est
384 2820 518 2915 mihi,
508 2827 659 2923 mquitc
644 2823 698 2917 c),
715 2827 834 2900 omnis
856 2843 1013 2926 potestas¹
1035 2828 1074 2901 in
1092 2834 1181 2904 coelo

158 2944 255 3018 etin
283 2964 386 3017 terrai
450 2944 586 3017 Euntes
614 2964 702 3040 ergo·
729 2944 856 3017 docete
879 2963 1005 3018 omnes
1029 2968 1179 3042 gentes:

156 3061 376 3161 baptizantes
407 3059 546 3134 cosin
578 3060 725 3132 nomine
756 3060 893 3150 Patris,
933 3081 968 3135 et
1002 3061 1109 3152 Filii,
1147 3080 1181 3136 et

157 3179 305 3277 Spiritus
342 3179 470 3252 Sancti.
477 3179 502 3216 “'
566 3176 655 3270 Qui
677 3196 731 3250 est
764 3178 961 3276 baptismus
994 3190 1028 3250 in
1063 3191 1181 3251 nomine

155 3305 231 3380 Jesu
255 3295 314 3388 d),
342 3312 419 3393 quo
445 3275 653 3392 baptizandi
679 3315 798 3387 erant,-
833 3294 1037 3426 baptizati
1024 3323 1058 3368 ιιι
1086 3305 1181 3380 Joan·

155 3427 205 3535 uis
232 3426 433 3509 baptismate

229 3645 294 3721 Αιι·
324 3618 606 3748 expirimentum
637 3665 794 3750 paternae
822 3639 860 3721 in
893 3645 1094 3747 baptismo,
1120 3646 1177 3722 'de

152 3759 245 3842 Filio
263 3768 331 3842 suo
348 3765 479 3842 dilecto
499 3769 601 3844 vocis
618 3791 748 3866 capere:
763 3765 880 3844 voluit
900 3767 1067 3840 satanas?
1091 3765 1178 3840 dum

196 3910 228 4030 a>
248 3950 348 4008 Musa
372 3913 429 4012 in.
456 3960 497 4018 n.
591 3953 622 4031 ι)
643 3951 683 4016 ιι.
708 3947 752 4011 ιιι
848 3951 878 4029 e)
899 3949 941 4014 ιι.
963 3949 1108 4020 ιινιιι.
1134 3960 1175 4015 ιι.

243 4034 356 4113 Met
382 4027 462 4099 XIX·
485 4039 515 4104 ἔα
