2460 4560
452 360 686 414 m

1010 387 1079 454 14⁹
1157 467 1158 470 Ν

62 513 149 588 stitui
173 513 211 584 in
242 512 409 591 charitate
438 509 512 583 Dei
543 532 578 591 et
602 507 780 610 proximi,
807 511 992 608 respondit
1017 509 1078 602 a):

61 631 229 727 „Diliges
263 628 465 703 Dominum
496 628 618 707 Deum
649 649 747 702 tuum
783 656 828 700 ex
865 649 941 712 totu
971 615 1080 701 corde

59 769 139 834 tuo,
187 767 221 819 et
241 745 278 816 in
303 767 376 819 tota
402 747 518 829 anima
541 767 620 832 tua,
655 768 690 817 et
712 747 748 816 in
775 766 848 818 tota
872 740 1079 829 mentetua.

57 863 138 938 Hoc
161 883 216 936 est
237 863 428 946 maximum
451 887 487 934 et
507 856 658 957 primurn
683 850 898 947 mandatum.
953 862 1082 943 Secun-

56 982 140 1053 dum
153 1001 272 1052 autern
288 979 393 1056 simile
410 1000 462 1051 est
477 979 579 1050 huic:
601 978 740 1073 Diliges
755 980 954 1074 proximum
970 999 1081 1066 tuum,

54 1097 142 1170 ficut
170 1117 204 1168 te
228 1095 356 1191 ipsum}
406 1096 447 1167 ln
468 1095 520 1166 his
549 1097 691 1182 duobus
717 1096 889 1194 mandatis
915 1095 1080 1184 universa

53 1217 113 1285 lex
140 1212 279 1310 pendet
307 1235 342 1285 et
365 1214 592 1310 p1·ophetae,“‹

130 1445 217 1523 Hoc
235 1471 322 1519 vero
341 1448 466 1525 ordine
487 1447 660 1533 eharitatis
683 1448 898 1536 ostenditur,
923 1474 995 1546 quo
1015 1474 1081 1524 nos
1107 1495 1111 1499 ‹

53 1569 140 1636 loco
167 1563 298 1643 habeat
323 1562 615 1669 benignissimum
643 1595 798 1652 numen,
830 1567 880 1656 fic
905 1565 1082 1662 ipse-dili·

54 1707 143 1777 gens
181 1680 379 1768 mundum,
423 1705 459 1752 ut
497 1696 685 1770 unigenitum
712 1694 839 1757 'Filium
860 1690 959 1770 suum
994 1692 1083 1759 duret

56 1796 179 1877 divina
194 1797 380 1892 Evangelii
401 1797 533 1876 Christi
552 1798 665 1879 Verbi
684 1798 853 1874 incarnati
872 1781 1082 1880 oeconornia,

56 1913 417 2010 quam'postremum
448 1913 637 1996 incredulis
674 1913 739 1987 illis
775 1934 809 1995 et
841 1911 1083 2008 pervicacibus

57 2026 441 2121 demonstraturum),
478 2030 746 2126 „Congregatis
773 2030 955 2104 Pharisaeis
980 2030 1084 2110 inter·
1140 2092 1146 2101 ,

29 2233 32 2239 Ι
58 2148 202 2243 rogavit
224 2175 285 2219 eos
311 2149 411 2221 lesus
441 2145 581 2220 dicens:
611 2148 709 2240 Quid
736 2149 841 2234 vobis
870 2141 1010 2227 videtur
1037 2144 1083 2216 de

59 2264 237 2355 Christo?
264 2263 375 2348 Cuius
398 2264 489 2343 filius
510 2267 585 2337 est?
613 2264 750 2347 Dicunt
774 2265 981 2349 eit‘David‚
1019 2262 1084 2334 Ait

57 2380 147 2462 illis;
178 2379 377 2473 Quomodo
407 2408 492 2477 ergo
520 2382 643 2465 David
668 2383 704 2453 in
728 2383 852 2478 spiritu
872 2375 978 2454 uocat
1001 2406 1081 2453 eum

58 2497 284 2585 Dominum,
313 2498 451 2570 dicens:
480 2496 586 2579 Dixit
600 2498 779 2577 Dominus
792 2499 956 2569 Domino
979 2522 1081 2568 meo:
1118 2518 1121 2522 ⁴

57 2617 141 2696 lede,
168 2642 188 2688 a
213 2615 344 2694 dextris
369 2615 476 2700 meis,
511 2615 627 2688 donec
652 2641 785 2710 ponam
814 2615 975 2684 inimicos
1003 2634 1082 2684 tuos
1120 2668 1124 2678 ,
1187 2597 1189 2602 .

56 2733 251 2821 scabellum
277 2731 410 2828 pedum
431 2732 635 2811 tuorum?“
687 2731 828 2824 Quibus
847 2732 944 2803 simul
964 2728 1083 2802 verbis

58 2847 259 2936 indicatur,
279 2844 366 2944 ‘quae
391 2874 453 2920 eos
479 2847 640 2924 inimicos
669 2847 821 2920 Domini
851 2848 923 2933 lui,
953 2844 1084 2930 Christi

57 2965 211 3055 [edentis
238 2992 258 3036 a
281 2965 414 3042 dextris
441 2964 534 3050 Dei,
564 2965 751 3041 etiamnum
778 2965 886 3047 hodie
915 2966 985 3047 fata
1015 2987 1084 3037 ma·
1149 3026 1154 3033 ,

58 3102 178 3164 neunt,
230 3081 272 3153 ld
295 3083 393 3178 quod
419 3082 580 3163 Christus
606 3083 674 3164 luis
699 3109 786 3155 mox
810 3081 930 3169 verbis
948 3079 1085 3154 intima·

56 3199 129 3285 vit,
156 3217 373 3294 postremum
398 3199 465 3270 iarn
492 3199 610 3271 turbas
635 3205 806 3274 allocutus
833 3199 931 3278 simul
950 3197 993 3268 ad
1018 3195 1085 3266 dis-

60 3317 201 3412 cipulos
232 3317 312 3387 loos
339 3340 515 3394 converso
539 3318 700 3406 sermone
725 3317 808 3398 dum
837 3314 886 3395 ait
911 3308 944 3401 c)
964 3339 971 3380 :
989 3319 1087 3401 super

55 3444 238 3510 cathedram
272 3441 378 3522 Moysi
399 3417 549 3522 sederunt
575 3444 679 3503 Seribae
702 3455 732 3502 ct
754 3442 900 3513 Plrurisaet'
928 3426 1085 3500 divinam
1202 3524 1204 3532 y

53 3549 223 3621 nimirum
253 3549 524 3644 interpretantes
548 3552 690 3644 legetn;
730 3526 926 3630 omina‘ergo
952 3545 1087 3637 quecun·
1176 3540 1179 3545 ’

52 3697 113 3760 que
137 3679 277 3767 dixerint
302 3679 409 3753 vobis,
425 3677 579 3754 seruate,
614 3688 644 3744 ct
664 3674 784 3753 sorite:
800 3670 970 3761 seeundum
992 3692 1085 3758 opero

52 3810 131 3853 :uero
148 3811 252 3853 eorum
277 3765 369 3854 nolite
378 3794 504 3871 facem
533 3795 641 3863 dieunt
656 3795 752 3868 enim,
772 3802 801 3852 ct
818 3809 876 3851 non
885 3758 1083 3868 fuciunt‘etc.

52 3898 169 3971 Tunc
201 3898 268 3970 illis
300 3901 507 4000 multiplicia
540 3900 599 3972 illa
639 3911 724 3985 Va„
751 3919 790 3970 ut
820 3898 946 3994 passim
981 3897 1086 3982 etiam

97 4049 130 4124 a)
153 4047 255 4107 Matri.
280 4049 391 4113 XXII.
416 4065 460 4146 ze.
550 4050 579 4125 h)
603 4051 638 4106 lb.
663 4066 705 4120 4¹·
738 4088 751 4123 ,
792 4047 1176 4292 c)1l.XXlll⁴Jr.‘
