2460 4560
573 327 814 364 -·
1159 354 1161 365 .

253 363 328 432 250
607 424 609 428 ,
1158 380 1161 457 t

38 562 42 568 .
118 487 318 582 Cerrrfuit
351 501 448 576 Heli,
486 487 586 563 Jesus
621 487 786 562 nimirum
826 511 873 562 ex
901 485 1029 562 Maria
1061 486 1129 574 filit·
1158 462 1161 559 i

154 609 205 664 lx.
254 609 336 683 Heli
363 626 473 686 natus.
580 616 587 626 “

102 719 245 785 *ΛΝ

97 858 204 930 Myste
328 837 406 911 Ant
368 858 532 935 ntequam
563 837 669 933 igitur
696 817 957 926 convenirent,
986 838 1122 914 inventa

97 957 239 1096 ffiffi·
254 973 306 1032 est
343 957 378 1026 iu
419 976 519 1029 utero
559 955 693 1027 habens
729 955 781 1026 de
825 956 959 1052 Spiritu
999 959 1122 1029 sancto.

97 1107 150 1163 m„
195 1044 339 1157 „Sic
370 1072 563 1198 principem
592 1070 695 1141 huius
725 1072 840 1146 saeculi
869 1075 976 1145 latuit
1001 1073 1120 1145 Mariae

249 1187 453 1282 virginitas,
481 1209 519 1258 ut
546 1186 577 1256 8
606 1186 764 1281 ignatius
793 1183 853 1259 Μ.
875 1191 1039 1283 loquitur·
1063 1186 1119 1278 a),

251 1323 288 1377 et
310 1324 428 1400 partus
450 1302 570 1399 ipsius.
584 1305 606 1340 “
656 1302 688 1372 8.
712 1302 786 1374 Leo
811 1304 871 1378 Μ
881 1306 1014 1407 'veluti
1038 1332 1120 1377 com·

198 1493 201 1501 ,
248 1414 422 1496 mentatus
461 1420 497 1495 iu
538 1421 635 1495 hunc
679 1419 711 1499 8.
752 1419 927 1516 Martyris
973 1424 1119 1508 locum,

249 1536 447 1622 „Christus
469 1536 586 1622 nasci,
615 1535 662 1606 ait
681 1531 740 1624 h),
756 1537 873 1631 'elegit
899 1564 947 1608 ex
971 1538 1119 1633 virgine,

248 1673 290 1725 ut
311 1634 426 1733 natam
450 1652 594 1724 humaui
622 1651 760 1746 generis
786 1653 934 1723 salutem
963 1655 1119 1730 diabolus

249 1767 445 1864 ignoraret,
472 1767 612 1864 spiritali
636 1764 765 1839 latente
793 1789 993 1865 conceptu,
1023 1797 1120 1866 quem

250 1912 326 1957 non
348 1886 452 1956 alium
475 1884 629 1971 videret,
658 1911 762 1979 quarn
789 1884 892 1969 alios,
926 1912 1004 1964 non
1032 1887 1120 1983 aliter

251 2002 409 2081 crederet
429 2020 549 2073 natum
573 2013 665 2086 esse,
685 2027 790 2095 quam
810 2005 1003 2073 caeteros.“
1036 2004 1119 2075 Ean·

250 2118 331 2195 dem
356 2117 386 2187 S.
408 2117 617 2189 Ambrosius
643 2113 677 2205 c)
706 2118 742 2188 in
769 2118 874 2201 Lucae
905 2143 985 2214 cap.
1004 2120 1041 2191 ‘I.
1067 2144 1118 2206 27.

181 2311 188 2324 s
248 2230 422 2303 rationem
455 2232 590 2318 reddit,
633 2260 694 2314 cur
726 2235 950 2330 desponsatae
983 2236 1119 2310 demum

248 2348 376 2442 virgini
408 2352 552 2442 angelus
586 2370 798 2446 conceptum
833 2351 1038 2445 virgineum
1070 2354 1119 2423 de·

249 2462 447 2543 nunciant:
482 2483 572 2550 „ut‚
608 2465 744 2560 inquit,
778 2466 962 2562 virginitas
995 2470 1117 2541 Mariae

247 2581 365 2652 fallere
349 2601 381 2652 ι
404 2579 603 2677 principem
620 2583 760 2654 mundi:
788 2584 847 2678 qui
871 2609 953 2654 cum
973 2586 1128 2683 desponq

248 2718 359 2773 satam
397 2699 473 2771 viro
508 2719 688 2789 cerneret,
724 2718 862 2795 partum
897 2727 974 2773 nou
1011 2703 1119 2799 potuit

249 2815 381 2891 habere
405 2817 612 2909 suspectum.
626 2818 647 2852 “
716 2816 828 2908 Quod
859 2788 923 2886 fic
933 2820 1117 2893 commode

251 2929 446 3024 accipitur,
493 2958 548 3003 ne*
573 2932 704 3003 diaboli
744 2953 848 3025 insu<
850 2952 971 3005 attone
1006 2957 1116 3031 partus

249 3048 455 3129 redderetur
480 3049 575 3141 apud
605 3050 765 3120 homines
794 3049 999 3143 suspectus:
1030 3052 1119 3128 iuxta

199 3250 206 3269 N
250 3188 291 3240 ac
320 3162 388 3231 iam
424 3160 519 3257 prius
556 3164 848 3238 animadverterat
880 3164 912 3236 S.
950 3165 1058 3240 Pater
1084 3164 1118 3256 d)

247 3279 340 3350 bene
376 3297 563 3374 utrumque
593 3277 752 3376 posuisse
782 3278 1010 3375 scripturam,
1049 3302 1120 3372 „ut

249 3416 284 3471 et
306 3397 519 3490 desponsata
540 3416 629 3484 esset
646 3418 680 3469 et
702 3399 821 3492 virgo:
849 3399 977 3491 virg0,
1006 3421 1048 3473 ut
1067 3425 1118 3472 ex·

246 3538 326 3606 pers
346 3511 453 3584 virilis
478 3513 645 3584 consortii
666 3514 862 3587 videretur:
892 3515 1115 3612 desponsata,

247 3647 292 3702 ne
320 3612 492 3702 temeratae
514 3629 719 3724 virginitatis
739 3631 945 3702 adureretur
966 3632 1116 3720 infamia,

287 3823 317 3898 ᾳ)
332 3829 408 3897 Epist.
423 3832 454 3883 nd
466 3831 527 3902 Epir.
543 3849 566 3887 n,
582 3845 620 3894 19·
665 3831 693 3906 h)
705 3832 781 3888 arm.
796 3829 874 3884 XXI.
887 3832 915 3884 de
927 3833 994 3887 Nur.
1010 3836 1046 3892 D.
1055 3849 1114 3902 rat·

333 3914 360 3980 c)
383 3913 437 3964 tib.
463 3915 501 3973 ΙΙ.
525 3918 552 3969 in
574 3915 635 3972 Luc.
657 3933 682 3971 n.
707 3915 789 3982 3·'T.
814 3915 840 3976 l·
862 3927 887 3984 P.
914 3926 994 3978 ¹282.

333 3995 362 4068 d)
384 3994 479 4047 Ibidem
500 4015 525 4051 n.
553 4015 576 4064 ι,
