<?xml version="1.0" encoding="UTF-8"?>
<!DOCTYPE html PUBLIC "-//W3C//DTD XHTML 1.0 Transitional//EN"
    "http://www.w3.org/TR/xhtml1/DTD/xhtml1-transitional.dtd">
<html xmlns="http://www.w3.org/1999/xhtml" xml:lang="en" lang="en">
 <head>
  <title>
</title>
<meta http-equiv="Content-Type" content="text/html;charset=utf-8" />
  <meta name='ocr-system' content='tesseract 3.04.00' />
  <meta name='ocr-capabilities' content='ocr_page ocr_carea ocr_par ocr_line ocrx_word'/>
</head>
<body>
  <div class='ocr_page' id='page_1' title='image "./desublimiinevan01gerbgoog_0209.png"; bbox 0 0 2460 4560; ppageno 0'>
   <div class='ocr_carea' id='block_1_1' title="bbox 178 475 1184 810">
    <p class='ocr_par' dir='ltr' id='par_1_1' title="bbox 178 475 1184 810">
     <span class='ocr_line' id='line_1_1' title="bbox 178 475 1184 580; baseline 0.005 -29"><span class='ocrx_word' id='word_1_1' title='bbox 178 481 271 551; x_wconf 81' lang='lat' dir='ltr'>hanc</span> <span class='ocrx_word' id='word_1_2' title='bbox 289 478 523 550; x_wconf 85' lang='lat' dir='ltr'>oeconomiam</span> <span class='ocrx_word' id='word_1_3' title='bbox 543 475 668 562; x_wconf 90' lang='lat' dir='ltr'>nobis,</span> <span class='ocrx_word' id='word_1_4' title='bbox 695 500 838 557; x_wconf 88' lang='lat' dir='ltr'>omnem</span> <span class='ocrx_word' id='word_1_5' title='bbox 853 479 1001 551; x_wconf 81' lang='lat' dir='ltr'>sensum</span> <span class='ocrx_word' id='word_1_6' title='bbox 1027 506 1184 580; x_wconf 79' lang='lat' dir='ltr'>omneque</span> 
     </span>
     <span class='ocr_line' id='line_1_2' title="bbox 180 593 1184 696; baseline 0.006 -28"><span class='ocrx_word' id='word_1_7' title='bbox 180 596 392 668; x_wconf 85' lang='lat' dir='ltr'>desiderium</span> <span class='ocrx_word' id='word_1_8' title='bbox 424 593 715 688; x_wconf 84' lang='lat' dir='ltr'>exsuperantibus</span> <span class='ocrx_word' id='word_1_9' title='bbox 757 594 827 686; x_wconf 91' lang='lat' dir='ltr'>(ut</span> <span class='ocrx_word' id='word_1_10' title='bbox 856 597 925 666; x_wconf 85' lang='lat' dir='ltr'>iarn</span> <span class='ocrx_word' id='word_1_11' title='bbox 962 601 1075 696; x_wconf 84' lang='lat' dir='ltr'>supra</span> <span class='ocrx_word' id='word_1_12' title='bbox 1106 604 1184 674; x_wconf 84' lang='lat' dir='ltr'>etian</span> 
     </span>
     <span class='ocr_line' id='line_1_3' title="bbox 181 709 1184 810; baseline 0.005 -25"><span class='ocrx_word' id='word_1_13' title='bbox 181 715 381 808; x_wconf 80' lang='lat' dir='ltr'>attigimus,</span> <span class='ocrx_word' id='word_1_14' title='bbox 411 731 447 782; x_wconf 90' lang='lat' dir='ltr'>et</span> <span class='ocrx_word' id='word_1_15' title='bbox 472 712 535 782; x_wconf 88' lang='lat' dir='ltr'>suo</span> <span class='ocrx_word' id='word_1_16' title='bbox 565 712 648 782; x_wconf 90' lang='lat' dir='ltr'>loco</span> <span class='ocrx_word' id='word_1_17' title='bbox 675 709 816 782; x_wconf 87' lang='lat' dir='ltr'>uberius</span> <span class='ocrx_word' id='word_1_18' title='bbox 845 713 1149 810; x_wconf 79' lang='lat' dir='ltr'>dilucidabimus)</span> <span class='ocrx_word' id='word_1_19' title='bbox 1162 721 1184 790; x_wconf 87' lang='lat' dir='ltr'>ir</span> 
     </span>
    </p>
   </div>
   <div class='ocr_carea' id='block_1_2' title="bbox 181 828 1220 926">
    <p class='ocr_par' dir='ltr' id='par_1_2' title="bbox 181 828 1220 926">
     <span class='ocr_line' id='line_1_4' title="bbox 181 828 1220 926; baseline 0.003 -24"><span class='ocrx_word' id='word_1_20' title='bbox 181 830 348 926; x_wconf 84' lang='lat' dir='ltr'>apostolis</span> <span class='ocrx_word' id='word_1_21' title='bbox 370 854 431 924; x_wconf 90' lang='lat' dir='ltr'>per</span> <span class='ocrx_word' id='word_1_22' title='bbox 453 828 513 899; x_wconf 82' lang='lat' dir='ltr'>M.</span> <span class='ocrx_word' id='word_1_23' title='bbox 538 828 795 922; x_wconf 81' lang='lat' dir='ltr'>Magdalenam</span> <span class='ocrx_word' id='word_1_24' title='bbox 823 829 991 925; x_wconf 77' lang='lat' dir='ltr'>Christus</span> <span class='ocrx_word' id='word_1_25' title='bbox 1021 836 1183 908; x_wconf 80' lang='lat' dir='ltr'>denuntia·</span> <span class='ocrx_word' id='word_1_26' title='bbox 1219 884 1220 895; x_wconf 40' lang='lat' dir='ltr'>i</span> 
     </span>
    </p>
   </div>
   <div class='ocr_carea' id='block_1_3' title="bbox 75 942 1220 1037">
    <p class='ocr_par' dir='ltr' id='par_1_3' title="bbox 75 942 1220 1037">
     <span class='ocr_line' id='line_1_5' title="bbox 75 942 1220 1037; baseline -0.001 -17"><span class='ocrx_word' id='word_1_27' title='bbox 75 1007 85 1030; x_wconf 84' lang='lat'>,</span> <span class='ocrx_word' id='word_1_28' title='bbox 179 949 233 1020; x_wconf 75' lang='lat' dir='ltr'>vit</span> <span class='ocrx_word' id='word_1_29' title='bbox 252 945 386 1017; x_wconf 89' lang='lat' dir='ltr'>verbis:</span> <span class='ocrx_word' id='word_1_30' title='bbox 429 956 530 1031; x_wconf 84' lang='lat' dir='ltr'><em>Vade,</em></span> <span class='ocrx_word' id='word_1_31' title='bbox 552 944 598 1015; x_wconf 86' lang='lat' dir='ltr'>ait</span> <span class='ocrx_word' id='word_1_32' title='bbox 620 942 676 1032; x_wconf 85' lang='lat' dir='ltr'>a),</span> <span class='ocrx_word' id='word_1_33' title='bbox 705 956 748 1035; x_wconf 79' lang='lat' dir='ltr'>ad</span> <span class='ocrx_word' id='word_1_34' title='bbox 760 955 882 1032; x_wconf 76' lang='lat' dir='ltr'>fratres</span> <span class='ocrx_word' id='word_1_35' title='bbox 898 976 1005 1037; x_wconf 87' lang='lat' dir='ltr'>meos,</span> <span class='ocrx_word' id='word_1_36' title='bbox 1025 975 1060 1023; x_wconf 87' lang='lat' dir='ltr'>et</span> <span class='ocrx_word' id='word_1_37' title='bbox 1078 965 1126 1026; x_wconf 85' lang='lat' dir='ltr'>dr&#39;e</span> <span class='ocrx_word' id='word_1_38' title='bbox 1142 966 1183 1024; x_wconf 80' lang='lat' dir='ltr'>eir:</span> <span class='ocrx_word' id='word_1_39' title='bbox 1218 973 1220 1013; x_wconf 73' lang='lat' dir='ltr'>t</span> 
     </span>
    </p>
   </div>
   <div class='ocr_carea' id='block_1_4' title="bbox 116 1071 1220 3720">
    <p class='ocr_par' dir='ltr' id='par_1_4' title="bbox 178 1071 1220 1493">
     <span class='ocr_line' id='line_1_6' title="bbox 179 1071 1220 1155; baseline 0.005 -20"><span class='ocrx_word' id='word_1_40' title='bbox 179 1074 316 1136; x_wconf 75' lang='lat' dir='ltr'><em>Ascendo</em></span> <span class='ocrx_word' id='word_1_41' title='bbox 341 1074 385 1132; x_wconf 85' lang='lat' dir='ltr'>od</span> <span class='ocrx_word' id='word_1_42' title='bbox 410 1073 533 1132; x_wconf 82' lang='lat' dir='ltr'>Patrem</span> <span class='ocrx_word' id='word_1_43' title='bbox 557 1088 675 1144; x_wconf 81' lang='lat' dir='ltr'>menen,</span> <span class='ocrx_word' id='word_1_44' title='bbox 703 1084 734 1131; x_wconf 85' lang='lat' dir='ltr'>et</span> <span class='ocrx_word' id='word_1_45' title='bbox 758 1071 884 1155; x_wconf 77' lang='lat' dir='ltr'>Patrem</span> <span class='ocrx_word' id='word_1_46' title='bbox 908 1088 1081 1138; x_wconf 81' lang='lat' dir='ltr'>vestrum:</span> <span class='ocrx_word' id='word_1_47' title='bbox 1108 1078 1182 1140; x_wconf 83' lang='lat' dir='ltr'>Denn</span> <span class='ocrx_word' id='word_1_48' title='bbox 1217 1088 1220 1131; x_wconf 71' lang='lat'><em>2</em></span> 
     </span>
     <span class='ocr_line' id='line_1_7' title="bbox 179 1177 1220 1269; baseline 0.003 -19"><span class='ocrx_word' id='word_1_49' title='bbox 179 1208 300 1266; x_wconf 81' lang='lat' dir='ltr'>meum,</span> <span class='ocrx_word' id='word_1_50' title='bbox 340 1202 370 1250; x_wconf 83' lang='lat' dir='ltr'>et</span> <span class='ocrx_word' id='word_1_51' title='bbox 399 1187 498 1250; x_wconf 84' lang='lat' dir='ltr'>Deum</span> <span class='ocrx_word' id='word_1_52' title='bbox 524 1199 671 1248; x_wconf 81' lang='lat' dir='ltr'>vestrum.</span> <span class='ocrx_word' id='word_1_53' title='bbox 741 1177 852 1269; x_wconf 81' lang='lat' dir='ltr'>Quod</span> <span class='ocrx_word' id='word_1_54' title='bbox 876 1205 969 1253; x_wconf 92' lang='lat' dir='ltr'>vero</span> <span class='ocrx_word' id='word_1_55' title='bbox 1002 1183 1183 1257; x_wconf 86' lang='lat' dir='ltr'>diffiderent</span> <span class='ocrx_word' id='word_1_56' title='bbox 1216 1206 1220 1247; x_wconf 71' lang='grc' dir='ltr'><strong><em>ι</em></strong></span> 
     </span>
     <span class='ocr_line' id='line_1_8' title="bbox 180 1294 1220 1394; baseline 0.003 -27"><span class='ocrx_word' id='word_1_57' title='bbox 180 1295 333 1392; x_wconf 81' lang='lat' dir='ltr'>apostoli</span> <span class='ocrx_word' id='word_1_58' title='bbox 352 1294 511 1367; x_wconf 84' lang='lat' dir='ltr'>muliebri</span> <span class='ocrx_word' id='word_1_59' title='bbox 533 1294 623 1364; x_wconf 83' lang='lat' dir='ltr'>forte</span> <span class='ocrx_word' id='word_1_60' title='bbox 647 1294 856 1388; x_wconf 76' lang='lat' dir='ltr'>phantasiae,</span> <span class='ocrx_word' id='word_1_61' title='bbox 882 1296 920 1366; x_wconf 95' lang='lat' dir='ltr'>id</span> <span class='ocrx_word' id='word_1_62' title='bbox 943 1298 1067 1394; x_wconf 90' lang='lat' dir='ltr'>ipsum</span> <span class='ocrx_word' id='word_1_63' title='bbox 1089 1303 1131 1372; x_wconf 85' lang='lat' dir='ltr'>ad</span> <span class='ocrx_word' id='word_1_64' title='bbox 1150 1298 1182 1371; x_wconf 89' lang='lat' dir='ltr'>rei</span> <span class='ocrx_word' id='word_1_65' title='bbox 1216 1305 1220 1363; x_wconf 76' lang='grc' dir='ltr'>ἐ</span> 
     </span>
     <span class='ocr_line' id='line_1_9' title="bbox 178 1409 1181 1493; baseline 0.003 -10"><span class='ocrx_word' id='word_1_66' title='bbox 178 1412 438 1485; x_wconf 85' lang='lat' dir='ltr'>firmamentum</span> <span class='ocrx_word' id='word_1_67' title='bbox 464 1409 573 1493; x_wconf 83' lang='lat' dir='ltr'>facit,</span> <span class='ocrx_word' id='word_1_68' title='bbox 612 1436 656 1481; x_wconf 91' lang='lat' dir='ltr'>ne</span> <span class='ocrx_word' id='word_1_69' title='bbox 687 1437 731 1482; x_wconf 88' lang='lat' dir='ltr'>ex</span> <span class='ocrx_word' id='word_1_70' title='bbox 763 1411 928 1484; x_wconf 90' lang='lat' dir='ltr'>condicto</span> <span class='ocrx_word' id='word_1_71' title='bbox 962 1441 1021 1488; x_wconf 91' lang='lat' dir='ltr'>res</span> <span class='ocrx_word' id='word_1_72' title='bbox 1053 1439 1128 1490; x_wconf 80' lang='lat' dir='ltr'>acta</span> <span class='ocrx_word' id='word_1_73' title='bbox 1151 1415 1181 1487; x_wconf 87' lang='lat' dir='ltr'>ad</span> 
     </span>
    </p>

    <p class='ocr_par' dir='ltr' id='par_1_5' title="bbox 116 1525 1220 3720">
     <span class='ocr_line' id='line_1_10' title="bbox 178 1525 1220 1630; baseline 0.004 -30"><span class='ocrx_word' id='word_1_74' title='bbox 178 1529 372 1601; x_wconf 78' lang='lat' dir='ltr'>fallendum</span> <span class='ocrx_word' id='word_1_75' title='bbox 392 1525 506 1617; x_wconf 83' lang='lat' dir='ltr'>videri</span> <span class='ocrx_word' id='word_1_76' title='bbox 527 1545 665 1619; x_wconf 88' lang='lat' dir='ltr'>posset;</span> <span class='ocrx_word' id='word_1_77' title='bbox 690 1552 769 1598; x_wconf 89' lang='lat' dir='ltr'>cum</span> <span class='ocrx_word' id='word_1_78' title='bbox 790 1532 904 1624; x_wconf 85' lang='lat' dir='ltr'>palam</span> <span class='ocrx_word' id='word_1_79' title='bbox 926 1531 1014 1604; x_wconf 92' lang='lat' dir='ltr'>hinc</span> <span class='ocrx_word' id='word_1_80' title='bbox 1038 1535 1098 1621; x_wconf 83' lang='lat' dir='ltr'>fit,</span> <span class='ocrx_word' id='word_1_81' title='bbox 1121 1559 1182 1630; x_wconf 81' lang='lat' dir='ltr'>apo</span> <span class='ocrx_word' id='word_1_82' title='bbox 1216 1556 1220 1594; x_wconf 74' lang='lat' dir='ltr'>t</span> 
     </span>
     <span class='ocr_line' id='line_1_11' title="bbox 182 1632 1220 1746; baseline 0 -28"><span class='ocrx_word' id='word_1_83' title='bbox 182 1645 281 1718; x_wconf 87' lang='lat' dir='ltr'>stolis</span> <span class='ocrx_word' id='word_1_84' title='bbox 312 1643 482 1736; x_wconf 88' lang='lat' dir='ltr'>memoria</span> <span class='ocrx_word' id='word_1_85' title='bbox 514 1643 611 1736; x_wconf 76' lang='lat' dir='ltr'>haud</span> <span class='ocrx_word' id='word_1_86' title='bbox 642 1632 808 1738; x_wconf 43' lang='lat' dir='ltr'>haesisse&#39;,</span> <span class='ocrx_word' id='word_1_87' title='bbox 846 1647 946 1739; x_wconf 91' lang='lat' dir='ltr'>quod</span> <span class='ocrx_word' id='word_1_88' title='bbox 980 1648 1050 1721; x_wconf 88' lang='lat' dir='ltr'>illis</span> <span class='ocrx_word' id='word_1_89' title='bbox 1078 1651 1180 1746; x_wconf 79' lang='lat' dir='ltr'>sapius</span> <span class='ocrx_word' id='word_1_90' title='bbox 1215 1673 1220 1737; x_wconf 66' lang='lat' dir='ltr'>p</span> 
     </span>
     <span class='ocr_line' id='line_1_12' title="bbox 181 1761 1220 1859; baseline -0.003 -23"><span class='ocrx_word' id='word_1_91' title='bbox 181 1790 263 1845; x_wconf 82' lang='lat' dir='ltr'>cum</span> <span class='ocrx_word' id='word_1_92' title='bbox 289 1761 453 1859; x_wconf 86' lang='lat' dir='ltr'>passione</span> <span class='ocrx_word' id='word_1_93' title='bbox 484 1780 519 1832; x_wconf 87' lang='lat' dir='ltr'>et</span> <span class='ocrx_word' id='word_1_94' title='bbox 543 1778 657 1832; x_wconf 90' lang='lat' dir='ltr'>morte</span> <span class='ocrx_word' id='word_1_95' title='bbox 684 1761 745 1853; x_wconf 71' lang='lat' dir='ltr'>sua</span> <span class='ocrx_word' id='word_1_96' title='bbox 774 1761 874 1833; x_wconf 87' lang='lat' dir='ltr'>etiam</span> <span class='ocrx_word' id='word_1_97' title='bbox 901 1768 1180 1840; x_wconf 84' lang='lat' dir='ltr'>resurrectionem</span> <span class='ocrx_word' id='word_1_98' title='bbox 1215 1763 1220 1833; x_wconf 67' lang='lat' dir='ltr'>t</span> 
     </span>
     <span class='ocr_line' id='line_1_13' title="bbox 181 1877 1179 1976; baseline 0.001 -25"><span class='ocrx_word' id='word_1_99' title='bbox 181 1879 366 1976; x_wconf 82' lang='lat' dir='ltr'>praedixit3</span> <span class='ocrx_word' id='word_1_100' title='bbox 403 1877 548 1972; x_wconf 87' lang='lat' dir='ltr'>quando</span> <span class='ocrx_word' id='word_1_101' title='bbox 580 1877 731 1966; x_wconf 85' lang='lat' dir='ltr'>necdum</span> <span class='ocrx_word' id='word_1_102' title='bbox 758 1878 989 1950; x_wconf 86' lang='lat' dir='ltr'>redemtionis</span> <span class='ocrx_word' id='word_1_103' title='bbox 1024 1909 1067 1955; x_wconf 81' lang='lat' dir='ltr'>ac</span> <span class='ocrx_word' id='word_1_104' title='bbox 1094 1906 1179 1955; x_wconf 86' lang='lat' dir='ltr'>resur·</span> 
     </span>
     <span class='ocr_line' id='line_1_14' title="bbox 179 1993 1220 2095; baseline 0.003 -30"><span class='ocrx_word' id='word_1_105' title='bbox 179 1994 345 2086; x_wconf 85' lang='lat' dir='ltr'>rectionis</span> <span class='ocrx_word' id='word_1_106' title='bbox 369 1997 496 2065; x_wconf 87' lang='lat' dir='ltr'>claram</span> <span class='ocrx_word' id='word_1_107' title='bbox 523 2014 723 2086; x_wconf 87' lang='lat' dir='ltr'>rectamque</span> <span class='ocrx_word' id='word_1_108' title='bbox 743 1993 855 2064; x_wconf 88' lang='lat' dir='ltr'>ideam</span> <span class='ocrx_word' id='word_1_109' title='bbox 877 1996 1081 2087; x_wconf 84' lang='lat' dir='ltr'>habebant,</span> <span class='ocrx_word' id='word_1_110' title='bbox 1108 2022 1179 2095; x_wconf 83' lang='lat' dir='ltr'><strong>quae·</strong></span> <span class='ocrx_word' id='word_1_111' title='bbox 1214 1998 1220 2068; x_wconf 81' lang='lat' dir='ltr'>t</span> 
     </span>
     <span class='ocr_line' id='line_1_15' title="bbox 178 2109 1178 2210; baseline 0.004 -29"><span class='ocrx_word' id='word_1_112' title='bbox 178 2131 225 2181; x_wconf 81' lang='lat' dir='ltr'>ve</span> <span class='ocrx_word' id='word_1_113' title='bbox 251 2109 417 2205; x_wconf 85' lang='lat' dir='ltr'>passione</span> <span class='ocrx_word' id='word_1_114' title='bbox 444 2135 485 2181; x_wconf 86' lang='lat' dir='ltr'>ac</span> <span class='ocrx_word' id='word_1_115' title='bbox 508 2129 621 2180; x_wconf 87' lang='lat' dir='ltr'>morte</span> <span class='ocrx_word' id='word_1_116' title='bbox 653 2109 783 2181; x_wconf 89' lang='lat' dir='ltr'>Christi</span> <span class='ocrx_word' id='word_1_117' title='bbox 812 2111 952 2182; x_wconf 83' lang='lat' dir='ltr'>funesta</span> <span class='ocrx_word' id='word_1_118' title='bbox 979 2116 1093 2210; x_wconf 85' lang='lat' dir='ltr'>magis</span> <span class='ocrx_word' id='word_1_119' title='bbox 1117 2141 1178 2189; x_wconf 88' lang='lat' dir='ltr'>con·</span> 
     </span>
     <span class='ocr_line' id='line_1_16' title="bbox 179 2218 1219 2325; baseline 0.001 -28"><span class='ocrx_word' id='word_1_120' title='bbox 179 2226 393 2319; x_wconf 74' lang='lat' dir='ltr'>fundebatur</span> <span class='ocrx_word' id='word_1_121' title='bbox 419 2222 481 2312; x_wconf 84' lang='lat' dir='ltr'>b);</span> <span class='ocrx_word' id='word_1_122' title='bbox 517 2226 613 2297; x_wconf 91' lang='lat' dir='ltr'>unde</span> <span class='ocrx_word' id='word_1_123' title='bbox 641 2246 675 2298; x_wconf 87' lang='lat' dir='ltr'>et</span> <span class='ocrx_word' id='word_1_124' title='bbox 706 2226 867 2298; x_wconf 87' lang='lat' dir='ltr'>Christus</span> <span class='ocrx_word' id='word_1_125' title='bbox 896 2218 1094 2325; x_wconf 81' lang='lat' dir='ltr'>discipulos</span> <span class='ocrx_word' id='word_1_126' title='bbox 1118 2234 1177 2304; x_wconf 82' lang='lat' dir='ltr'>illos</span> <span class='ocrx_word' id='word_1_127' title='bbox 1212 2258 1219 2298; x_wconf 81' lang='lat' dir='ltr'>t</span> 
     </span>
     <span class='ocr_line' id='line_1_17' title="bbox 180 2341 1216 2442; baseline 0.004 -28"><span class='ocrx_word' id='word_1_128' title='bbox 180 2345 291 2428; x_wconf 90' lang='lat' dir='ltr'>duos,</span> <span class='ocrx_word' id='word_1_129' title='bbox 319 2341 380 2436; x_wconf 87' lang='lat' dir='ltr'>qui</span> <span class='ocrx_word' id='word_1_130' title='bbox 403 2341 433 2411; x_wconf 91' lang='lat' dir='ltr'>ei</span> <span class='ocrx_word' id='word_1_131' title='bbox 454 2342 490 2411; x_wconf 92' lang='lat' dir='ltr'>in</span> <span class='ocrx_word' id='word_1_132' title='bbox 515 2341 574 2413; x_wconf 85' lang='lat' dir='ltr'>via</span> <span class='ocrx_word' id='word_1_133' title='bbox 596 2344 794 2414; x_wconf 88' lang='lat' dir='ltr'>occurrenti</span> <span class='ocrx_word' id='word_1_134' title='bbox 816 2345 934 2439; x_wconf 88' lang='lat' dir='ltr'>spem,</span> <span class='ocrx_word' id='word_1_135' title='bbox 963 2373 1073 2442; x_wconf 85' lang='lat' dir='ltr'>quam</span> <span class='ocrx_word' id='word_1_136' title='bbox 1094 2350 1175 2421; x_wconf 89' lang='lat' dir='ltr'>habe·</span> <span class='ocrx_word' id='word_1_137' title='bbox 1212 2362 1216 2381; x_wconf 70' lang='lat'>‘&#39;</span> 
     </span>
     <span class='ocr_line' id='line_1_18' title="bbox 179 2457 1172 2555; baseline 0.005 -24"><span class='ocrx_word' id='word_1_138' title='bbox 179 2460 288 2546; x_wconf 84' lang='lat' dir='ltr'>bant,</span> <span class='ocrx_word' id='word_1_139' title='bbox 322 2459 384 2555; x_wconf 66' lang='lat' dir='ltr'>sed</span> <span class='ocrx_word' id='word_1_140' title='bbox 410 2484 453 2529; x_wconf 93' lang='lat' dir='ltr'>eo</span> <span class='ocrx_word' id='word_1_141' title='bbox 483 2457 620 2530; x_wconf 85' lang='lat' dir='ltr'>ficiam</span> <span class='ocrx_word' id='word_1_142' title='bbox 650 2482 791 2530; x_wconf 89' lang='lat' dir='ltr'>mortuo</span> <span class='ocrx_word' id='word_1_143' title='bbox 814 2461 1025 2536; x_wconf 83' lang='lat' dir='ltr'>remiserant</span> <span class='ocrx_word' id='word_1_144' title='bbox 1053 2467 1172 2548; x_wconf 81' lang='lat' dir='ltr'>animo,</span> 
     </span>
     <span class='ocr_line' id='line_1_19' title="bbox 116 2573 1220 2685; baseline 0.004 -39"><span class='ocrx_word' id='word_1_145' title='bbox 116 2652 124 2662; x_wconf 52' lang='grc'>,</span> <span class='ocrx_word' id='word_1_146' title='bbox 178 2589 257 2669; x_wconf 80' lang='lat' dir='ltr'>qnia</span> <span class='ocrx_word' id='word_1_147' title='bbox 288 2588 352 2665; x_wconf 85' lang='lat' dir='ltr'>ipse</span> <span class='ocrx_word' id='word_1_148' title='bbox 394 2596 470 2647; x_wconf 82' lang='lat' dir='ltr'>esset</span> <span class='ocrx_word' id='word_1_149' title='bbox 506 2586 713 2664; x_wconf 80' lang='lat' dir='ltr'>redempturus</span> <span class='ocrx_word' id='word_1_150' title='bbox 742 2585 839 2685; x_wconf 72' lang='lat' dir='ltr'>Israel</span> <span class='ocrx_word' id='word_1_151' title='bbox 866 2573 920 2665; x_wconf 83' lang='lat' dir='ltr'>c),</span> <span class='ocrx_word' id='word_1_152' title='bbox 961 2599 1174 2678; x_wconf 81' lang='lat' dir='ltr'>aperuerunt,</span> <span class='ocrx_word' id='word_1_153' title='bbox 1209 2592 1220 2660; x_wconf 73' lang='lat' dir='ltr'>fr</span> 
     </span>
     <span class='ocr_line' id='line_1_20' title="bbox 178 2690 1220 2789; baseline 0.006 -25"><span class='ocrx_word' id='word_1_154' title='bbox 178 2692 375 2789; x_wconf 81' lang='lat' dir='ltr'>redarguit:</span> <span class='ocrx_word' id='word_1_155' title='bbox 407 2701 431 2759; x_wconf 93' lang='lat' dir='ltr'><em>O</em></span> <span class='ocrx_word' id='word_1_156' title='bbox 448 2697 565 2777; x_wconf 80' lang='lat' dir='ltr'>stulti,</span> <span class='ocrx_word' id='word_1_157' title='bbox 591 2690 722 2785; x_wconf 89' lang='lat' dir='ltr'>inquit,</span> <span class='ocrx_word' id='word_1_158' title='bbox 750 2715 780 2763; x_wconf 88' lang='lat' dir='ltr'>et</span> <span class='ocrx_word' id='word_1_159' title='bbox 802 2705 886 2764; x_wconf 83' lang='lat' dir='ltr'>tardi</span> <span class='ocrx_word' id='word_1_160' title='bbox 906 2709 997 2768; x_wconf 83' lang='lat' dir='ltr'>corde</span> <span class='ocrx_word' id='word_1_161' title='bbox 1021 2710 1175 2770; x_wconf 72' lang='lat' dir='ltr'>adcredere</span> <span class='ocrx_word' id='word_1_162' title='bbox 1210 2725 1220 2770; x_wconf 73' lang='lat' dir='ltr'>n</span> 
     </span>
     <span class='ocr_line' id='line_1_21' title="bbox 178 2817 1220 2898; baseline 0.001 -18"><span class='ocrx_word' id='word_1_163' title='bbox 178 2821 250 2881; x_wconf 88' lang='lat' dir='ltr'>dnm</span> <span class='ocrx_word' id='word_1_164' title='bbox 272 2821 304 2878; x_wconf 89' lang='lat' dir='ltr'>in</span> <span class='ocrx_word' id='word_1_165' title='bbox 322 2819 478 2893; x_wconf 83' lang='lat' dir='ltr'>omnibns,</span> <span class='ocrx_word' id='word_1_166' title='bbox 505 2835 568 2898; x_wconf 83' lang='lat' dir='ltr'>qnae</span> <span class='ocrx_word' id='word_1_167' title='bbox 589 2818 683 2878; x_wconf 82' lang='lat' dir='ltr'>locuti</span> <span class='ocrx_word' id='word_1_168' title='bbox 691 2817 770 2895; x_wconf 75' lang='lat' dir='ltr'>sunt</span> <span class='ocrx_word' id='word_1_169' title='bbox 784 2819 960 2898; x_wconf 74' lang='lat' dir='ltr'>prophete!</span> <span class='ocrx_word' id='word_1_170' title='bbox 1018 2826 1120 2886; x_wconf 85' lang='lat' dir='ltr'>Nonne</span> <span class='ocrx_word' id='word_1_171' title='bbox 1134 2824 1175 2884; x_wconf 78' lang='lat' dir='ltr'>dec</span> <span class='ocrx_word' id='word_1_172' title='bbox 1211 2841 1220 2893; x_wconf 68' lang='lat' dir='ltr'>a</span> 
     </span>
     <span class='ocr_line' id='line_1_22' title="bbox 177 2933 1217 3020; baseline 0.005 -25"><span class='ocrx_word' id='word_1_173' title='bbox 177 2936 317 3016; x_wconf 79' lang='lat' dir='ltr'>oportuit</span> <span class='ocrx_word' id='word_1_174' title='bbox 339 2936 414 3012; x_wconf 82' lang='lat' dir='ltr'>pati</span> <span class='ocrx_word' id='word_1_175' title='bbox 440 2933 609 3010; x_wconf 82' lang='lat' dir='ltr'>Clrn&#39;stnrn,</span> <span class='ocrx_word' id='word_1_176' title='bbox 636 2944 667 2994; x_wconf 83' lang='lat' dir='ltr'>et</span> <span class='ocrx_word' id='word_1_177' title='bbox 690 2936 738 2993; x_wconf 83' lang='lat' dir='ltr'>ito</span> <span class='ocrx_word' id='word_1_178' title='bbox 754 2937 871 2996; x_wconf 81' lang='lat' dir='ltr'>intrare</span> <span class='ocrx_word' id='word_1_179' title='bbox 886 2939 919 2996; x_wconf 86' lang='lat' dir='ltr'>in</span> <span class='ocrx_word' id='word_1_180' title='bbox 935 2937 1074 3012; x_wconf 85' lang='lat' dir='ltr'>gloriam</span> <span class='ocrx_word' id='word_1_181' title='bbox 1077 2936 1176 3020; x_wconf 79' lang='lat' dir='ltr'>snam?</span> <span class='ocrx_word' id='word_1_182' title='bbox 1213 2934 1217 2983; x_wconf 59' lang='lat' dir='ltr'>i</span> 
     </span>
     <span class='ocr_line' id='line_1_23' title="bbox 177 3047 1220 3138; baseline 0.007 -25"><span class='ocrx_word' id='word_1_183' title='bbox 177 3055 219 3113; x_wconf 82' lang='lat' dir='ltr'>Et</span> <span class='ocrx_word' id='word_1_184' title='bbox 231 3054 376 3131; x_wconf 79' lang='lat' dir='ltr'>incipiens</span> <span class='ocrx_word' id='word_1_185' title='bbox 395 3067 416 3107; x_wconf 84' lang='grc' dir='ltr'><em>α</em></span> <span class='ocrx_word' id='word_1_186' title='bbox 432 3047 560 3125; x_wconf 78' lang='lat' dir='ltr'>Moyse,</span> <span class='ocrx_word' id='word_1_187' title='bbox 578 3063 609 3110; x_wconf 79' lang='lat' dir='ltr'>ee</span> <span class='ocrx_word' id='word_1_188' title='bbox 626 3050 763 3112; x_wconf 83' lang='lat' dir='ltr'>omnibns</span> <span class='ocrx_word' id='word_1_189' title='bbox 776 3052 1175 3138; x_wconf 43' lang='lat' dir='ltr'>prophetissineerpnratn·</span> <span class='ocrx_word' id='word_1_190' title='bbox 1213 3069 1220 3120; x_wconf 64' lang='lat'>³1</span> 
     </span>
     <span class='ocr_line' id='line_1_24' title="bbox 167 3141 1220 3256; baseline 0.007 -27"><span class='ocrx_word' id='word_1_191' title='bbox 167 3182 229 3256; x_wconf 72' lang='lat' dir='ltr'>,tur</span> <span class='ocrx_word' id='word_1_192' title='bbox 251 3169 312 3228; x_wconf 82' lang='lat' dir='ltr'>illis</span> <span class='ocrx_word' id='word_1_193' title='bbox 333 3168 365 3225; x_wconf 88' lang='lat' dir='ltr'>in</span> <span class='ocrx_word' id='word_1_194' title='bbox 385 3141 521 3226; x_wconf 78' lang='lat' dir='ltr'>omnibns</span> <span class='ocrx_word' id='word_1_195' title='bbox 530 3163 717 3244; x_wconf 80' lang='lat' dir='ltr'>scripturis,</span> <span class='ocrx_word' id='word_1_196' title='bbox 746 3167 864 3249; x_wconf 76' lang='lat' dir='ltr'>quade</span> <span class='ocrx_word' id='word_1_197' title='bbox 887 3171 955 3249; x_wconf 84' lang='lat' dir='ltr'>ipso</span> <span class='ocrx_word' id='word_1_198' title='bbox 980 3188 1082 3237; x_wconf 80' lang='lat' dir='ltr'>erant.</span> <span class='ocrx_word' id='word_1_199' title='bbox 1120 3174 1179 3235; x_wconf 83' lang='lat' dir='ltr'>Ind-</span> <span class='ocrx_word' id='word_1_200' title='bbox 1214 3190 1220 3236; x_wconf 71' lang='lat' dir='ltr'>z</span> 
     </span>
     <span class='ocr_line' id='line_1_25' title="bbox 171 3271 1220 3370; baseline 0.004 -23"><span class='ocrx_word' id='word_1_201' title='bbox 171 3290 261 3368; x_wconf 83' lang='lat' dir='ltr'>piens</span> <span class='ocrx_word' id='word_1_202' title='bbox 282 3302 303 3343; x_wconf 88' lang='lat' dir='ltr'>a</span> <span class='ocrx_word' id='word_1_203' title='bbox 322 3280 431 3367; x_wconf 77' lang='lat' dir='ltr'>Moyse</span> <span class='ocrx_word' id='word_1_204' title='bbox 450 3271 534 3362; x_wconf 87' lang='lat' dir='ltr'>dicit</span> <span class='ocrx_word' id='word_1_205' title='bbox 552 3272 798 3368; x_wconf 83' lang='lat' dir='ltr'>Evangelista,</span> <span class='ocrx_word' id='word_1_206' title='bbox 820 3295 929 3370; x_wconf 85' lang='lat' dir='ltr'>prout</span> <span class='ocrx_word' id='word_1_207' title='bbox 955 3279 1063 3352; x_wconf 82' lang='lat' dir='ltr'>etiam</span> <span class='ocrx_word' id='word_1_208' title='bbox 1089 3282 1179 3354; x_wconf 81' lang='lat' dir='ltr'>Nico</span> <span class='ocrx_word' id='word_1_209' title='bbox 1215 3290 1220 3345; x_wconf 77' lang='lat' dir='ltr'>i</span> 
     </span>
     <span class='ocr_line' id='line_1_26' title="bbox 177 3388 1220 3484; baseline 0.002 -20"><span class='ocrx_word' id='word_1_210' title='bbox 177 3395 284 3464; x_wconf 90' lang='lat' dir='ltr'>demo</span> <span class='ocrx_word' id='word_1_211' title='bbox 316 3389 452 3461; x_wconf 84' lang='lat' dir='ltr'>dixerat</span> <span class='ocrx_word' id='word_1_212' title='bbox 483 3388 670 3477; x_wconf 83' lang='lat' dir='ltr'>Christus,</span> <span class='ocrx_word' id='word_1_213' title='bbox 699 3398 783 3476; x_wconf 81' lang='lat' dir='ltr'>ficut</span> <span class='ocrx_word' id='word_1_214' title='bbox 804 3399 927 3481; x_wconf 81' lang='lat' dir='ltr'>Moyses</span> <span class='ocrx_word' id='word_1_215' title='bbox 952 3407 1115 3470; x_wconf 78' lang='lat' dir='ltr'>exaltavit</span> <span class='ocrx_word' id='word_1_216' title='bbox 1127 3405 1181 3484; x_wconf 81' lang='lat' dir='ltr'>ser·</span> <span class='ocrx_word' id='word_1_217' title='bbox 1215 3401 1220 3468; x_wconf 77' lang='lat' dir='ltr'>i:</span> 
     </span>
     <span class='ocr_line' id='line_1_27' title="bbox 172 3518 1220 3599; baseline 0.004 -20"><span class='ocrx_word' id='word_1_218' title='bbox 172 3532 294 3599; x_wconf 81' lang='lat' dir='ltr'>pentem</span> <span class='ocrx_word' id='word_1_219' title='bbox 313 3521 345 3577; x_wconf 90' lang='lat' dir='ltr'>in</span> <span class='ocrx_word' id='word_1_220' title='bbox 367 3518 504 3594; x_wconf 82' lang='lat' dir='ltr'>deserto,</span> <span class='ocrx_word' id='word_1_221' title='bbox 530 3520 578 3578; x_wconf 84' lang='lat' dir='ltr'>ita</span> <span class='ocrx_word' id='word_1_222' title='bbox 601 3519 737 3579; x_wconf 80' lang='lat' dir='ltr'>exaltari</span> <span class='ocrx_word' id='word_1_223' title='bbox 760 3531 879 3598; x_wconf 81' lang='lat' dir='ltr'>oportet</span> <span class='ocrx_word' id='word_1_224' title='bbox 906 3519 1024 3583; x_wconf 82' lang='lat' dir='ltr'>Filium</span> <span class='ocrx_word' id='word_1_225' title='bbox 1047 3525 1180 3593; x_wconf 59' lang='lat' dir='ltr'>hominio</span> <span class='ocrx_word' id='word_1_226' title='bbox 1216 3543 1220 3583; x_wconf 62' lang='lat' dir='ltr'>i</span> 
     </span>
     <span class='ocr_line' id='line_1_28' title="bbox 174 3614 1220 3720; baseline 0.004 -26"><span class='ocrx_word' id='word_1_227' title='bbox 174 3614 216 3694; x_wconf 86' lang='lat' dir='ltr'>in</span> <span class='ocrx_word' id='word_1_228' title='bbox 249 3648 352 3693; x_wconf 82' lang='lat' dir='ltr'>cruce</span> <span class='ocrx_word' id='word_1_229' title='bbox 395 3623 585 3720; x_wconf 87' lang='lat' dir='ltr'>nimirum,</span> <span class='ocrx_word' id='word_1_230' title='bbox 625 3625 722 3696; x_wconf 87' lang='lat' dir='ltr'>cuius</span> <span class='ocrx_word' id='word_1_231' title='bbox 761 3626 961 3697; x_wconf 87' lang='lat' dir='ltr'>scandalum</span> <span class='ocrx_word' id='word_1_232' title='bbox 1008 3632 1178 3711; x_wconf 75' lang='lat' dir='ltr'>cessabat,</span> <span class='ocrx_word' id='word_1_233' title='bbox 1217 3657 1220 3698; x_wconf 73' lang='lat' dir='ltr'>z</span> 
     </span>
    </p>
   </div>
   <div class='ocr_carea' id='block_1_5' title="bbox 176 3728 1220 4085">
    <p class='ocr_par' dir='ltr' id='par_1_6' title="bbox 176 3728 1220 4085">
     <span class='ocr_line' id='line_1_29' title="bbox 176 3728 1220 3839; baseline 0.005 -27"><span class='ocrx_word' id='word_1_234' title='bbox 176 3739 321 3835; x_wconf 81' lang='lat' dir='ltr'>quando</span> <span class='ocrx_word' id='word_1_235' title='bbox 341 3739 416 3833; x_wconf 85' lang='lat' dir='ltr'>haec</span> <span class='ocrx_word' id='word_1_236' title='bbox 439 3728 616 3814; x_wconf 79' lang='lat' dir='ltr'>Christirm</span> <span class='ocrx_word' id='word_1_237' title='bbox 640 3743 712 3838; x_wconf 85' lang='lat' dir='ltr'>pati</span> <span class='ocrx_word' id='word_1_238' title='bbox 732 3742 860 3814; x_wconf 89' lang='lat' dir='ltr'>debere</span> <span class='ocrx_word' id='word_1_239' title='bbox 883 3744 1097 3839; x_wconf 82' lang='lat' dir='ltr'>praedictum</span> <span class='ocrx_word' id='word_1_240' title='bbox 1120 3758 1179 3823; x_wconf 76' lang='lat' dir='ltr'>esst</span> <span class='ocrx_word' id='word_1_241' title='bbox 1217 3774 1220 3812; x_wconf 76' lang='lat'>1</span> 
     </span>
     <span class='ocr_line' id='line_1_30' title="bbox 216 3840 1069 4000; baseline 0.007 -20"><span class='ocrx_word' id='word_1_242' title='bbox 216 3923 245 4000; x_wconf 86' lang='lat' dir='ltr'>o)</span> <span class='ocrx_word' id='word_1_243' title='bbox 266 3840 304 3988; x_wconf 61' lang='lat' dir='ltr'>,ilo</span> <span class='ocrx_word' id='word_1_244' title='bbox 337 3918 399 3977; x_wconf 82' lang='lat' dir='ltr'>XX.</span> <span class='ocrx_word' id='word_1_245' title='bbox 426 3936 467 3988; x_wconf 72' lang='grc' dir='ltr'>η’.</span> <span class='ocrx_word' id='word_1_246' title='bbox 552 3922 581 3992; x_wconf 78' lang='lat' dir='ltr'>b)</span> <span class='ocrx_word' id='word_1_247' title='bbox 604 3927 701 3986; x_wconf 79' lang='lat' dir='ltr'>Matth.</span> <span class='ocrx_word' id='word_1_248' title='bbox 727 3927 822 3984; x_wconf 81' lang='lat' dir='ltr'><em>XVII.</em></span> <span class='ocrx_word' id='word_1_249' title='bbox 846 3943 887 3986; x_wconf 74' lang='lat' dir='ltr'>ar.</span> <span class='ocrx_word' id='word_1_250' title='bbox 933 3928 997 3983; x_wconf 84' lang='lat' dir='ltr'>XX.</span> <span class='ocrx_word' id='word_1_251' title='bbox 1030 3943 1069 3989; x_wconf 77' lang='lat' dir='ltr'>en.</span> 
     </span>
     <span class='ocr_line' id='line_1_31' title="bbox 257 4004 1107 4085; baseline 0.009 -21"><span class='ocrx_word' id='word_1_252' title='bbox 257 4006 343 4064; x_wconf 81' lang='lat' dir='ltr'>Mare.</span> <span class='ocrx_word' id='word_1_253' title='bbox 367 4004 420 4066; x_wconf 77' lang='lat' dir='ltr'>IX.</span> <span class='ocrx_word' id='word_1_254' title='bbox 443 4018 486 4073; x_wconf 80' lang='lat'>30.</span> <span class='ocrx_word' id='word_1_255' title='bbox 529 4009 591 4064; x_wconf 80' lang='lat' dir='ltr'>Luc.</span> <span class='ocrx_word' id='word_1_256' title='bbox 614 4011 667 4067; x_wconf 84' lang='lat' dir='ltr'>IX.</span> <span class='ocrx_word' id='word_1_257' title='bbox 689 4029 734 4081; x_wconf 84' lang='lat'>44.</span> <span class='ocrx_word' id='word_1_258' title='bbox 812 4014 840 4085; x_wconf 90' lang='lat' dir='ltr'>c)</span> <span class='ocrx_word' id='word_1_259' title='bbox 861 4011 899 4067; x_wconf 65' lang='lat' dir='ltr'>dn</span> <span class='ocrx_word' id='word_1_260' title='bbox 926 4013 1040 4074; x_wconf 81' lang='lat' dir='ltr'><em>XXIV.</em></span> <span class='ocrx_word' id='word_1_261' title='bbox 1063 4027 1107 4072; x_wconf 61' lang='grc' dir='ltr'>αῖ.</span> 
     </span>
    </p>
   </div>
   <div class='ocr_carea' id='block_1_6' title="bbox 0 0 1234 4560">
    <p class='ocr_par' dir='ltr' id='par_1_7' title="bbox 0 0 1234 4560">
     <span class='ocr_line' id='line_1_32' title="bbox 0 0 1234 4560; baseline 0 1"><span class='ocrx_word' id='word_1_262' title='bbox 0 0 1234 4560; x_wconf 95' lang='lat' dir='ltr'> </span> 
     </span>
    </p>
   </div>
  </div>
 </body>
</html>
