2444 4538
750 301 756 309 ι
786 307 789 311 .

571 380 802 395 *-

253 369 324 432 300

109 489 224 556 ΟΜ
250 520 326 572 cam
357 519 378 566 a
403 490 579 565 Corden'o
604 495 705 565 locus
732 494 885 568 auctoris
915 495 1038 592 operis
1069 494 1127 568 im·

109 608 214 671 XVH·
247 609 391 716 perfecti
419 609 527 681 Hom.
557 610 618 682 ΙΙΙ.
649 610 687 683 in
714 610 852 686 Matth.
879 610 1122 708 sequemet),

90 721 233 784 W*
248 731 308 825 qui
327 754 401 799 rem
423 725 538 823 ipsam
557 728 618 801 seu
639 727 845 822 mysterium
869 730 1014 824 egregie
1039 731 1122 802 dilu-

136 915 141 923 ,
247 846 355 931 sidat,
378 871 419 918 ac
436 846 603 919 illustrat:
631 842 748 929 „Vox
766 866 818 916 est
839 847 964 931 sonus,
986 849 1122 919 nullum

245 964 415 1035 secretum
447 960 564 1034 cordis
594 962 810 1058 ostendens,
846 963 910 1038 sed
942 963 1015 1034 hoc
1052 983 1121 1035 tan·

244 1079 432 1151 tummodo
457 1077 676 1172 figuificans,
705 1077 787 1172 quia
808 1080 887 1156 vult
913 1078 1049 1174 aliquid
1075 1079 1120 1150 di·

245 1221 322 1267 cere
347 1196 424 1280 ille,
452 1194 514 1289 qui
540 1198 674 1273 clamat,
737 1193 898 1269 Verbum
922 1216 1053 1268 autem
1069 1216 1117 1267 εει

242 1312 357 1383 sermo
375 1309 572 1398 rationalis,
590 1309 793 1407 mysterium
813 1311 930 1389 cordis
949 1313 1115 1408 aperiens.

243 1428 376 1504 Adhuc
395 1453 471 1500 vox
493 1427 585 1504 inter
605 1427 765 1504 animalia
785 1448 820 1499 et
841 1428 1007 1504 homines
1029 1455 1118 1502 com·

243 1544 357 1616 munis
378 1564 445 1630 est,
465 1544 615 1617 verbum
632 1561 750 1620 nutem
767 1544 953 1619 hominum
971 1564 1116 1618 tantum.

243 1661 331 1733 Ideo
367 1687 452 1756 ergo
485 1655 647 1737 Jo'annes
673 1661 786 1735 dictus
820 1680 873 1733 εει
901 1687 1003 1750 vox,
1043 1690 1116 1734 non

242 1778 410 1851 verbum:
446 1778 526 1873 quia
552 1805 615 1875 per
639 1778 813 1855 Joannem
841 1794 959 1873 neque
990 1779 1119 1851 miseri·

243 1894 381 1970 cordias
405 1897 482 1972 ,suas
509 1893 631 1981 Deus,
659 1919 776 1989 neque
802 1893 971 1983 iustitias,
999 1921 1116 1990 neque

243 2031 324 2088 ante
352 2009 637 2088 constitutionem
664 2011 787 2082 mundi
815 2032 1010 2112 praeparata
1037 2038 1117 2084 con·

242 2127 317 2203 sitia
343 2127 618 2214 demonstravit,
657 2129 717 2199 sed
742 2128 813 2203 hoc
841 2131 1116 2215 tantummode,

226 2227 325 2337 'quia
348 2242 481 2338 aliquid
504 2245 757 2337 magnifacere
777 2242 880 2318 Deus
901 2244 938 2329 iu
965 2245 1116 2319 homini·

240 2360 308 2433 bus
329 2359 571 2432 meditabatur.
622 2360 751 2441 Postea
765 2360 889 2439 'autem
915 2387 981 2463 per
1002 2362 1115 2434 filium

240 2479 340 2554 fuum
365 2476 605 2573 plenissimum
630 2476 835 2572 mysterium
857 2478 926 2554 suae
950 2481 1114 2550 volunta·

240 2596 282 2666 tis
299 2594 452 2690 aperuit,
470 2594 553 2665 ideo
573 2612 607 2672 et
624 2593 736 2665 dictus
754 2593 924 2670 Verbum.
937 2597 959 2670 (ἔ
979 2593 1112 2667 Vener.

239 2710 340 2786 Beda
360 2711 396 2784 in
418 2736 492 2810 cap.
519 2709 546 2791 I.
572 2708 717 2789 Joaunis
744 2709 780 2781 in
804 2711 952 2784 eandem
978 2712 1114 2783 senten·

238 2828 321 2901 tiam
346 2846 601 2904 commentatur
622 2823 676 2919 b);
713 2877 734 2912 „
745 2825 859 2914 Scitis,
887 2829 971 2922 quia
993 2812 1114 2921 unige-

238 2945 332 3015 nitus
361 2943 468 3017 Filius
504 2941 664 3020 Verbum
702 2942 813 3015 Patris
847 2963 1020 3030 vocatur,
1055 2945 1113 3015 Jo-

236 3085 329 3131 anne
366 3080 570 3144 attestante,
606 3059 667 3158 qui
696 3059 763 3135 ait:
802 3071 838 3131 Iu
859 3073 1016 3151 principio
1045 3082 1113 3133 erat

240 3187 386 3261 Verbum,
414 3197 445 3246 et
474 3187 601 3259 Verbum
621 3159 696 3250 ‘erat
722 3185 808 3267 opud
830 3185 947 3262 Deum,
973 3200 1007 3249 et
1020 3186 1111 3249 Deus

234 3316 302 3365 erat
327 3303 461 3378 Verbum.
509 3293 568 3375 Ex
587 3293 666 3389 ipsa
683 3315 800 3374 vestra
821 3293 1010 3370 locutione.
1028 3321 1113 3389 cog·

233 3409 400 3497 noscitis,
428 3409 510 3506 quia
531 3410 627 3508 prius
649 3437 725 3484 vox
750 3413 869 3497 sonat,
896 3431 935 3482 ut
956 3411 1108 3484 verbum

231 3529 464 3623 postmodum
498 3528 611 3623 possit
639 3527 760 3611 audiri.
829 3529 985 3600 Joannes
1021 3554 1107 3622 ergo

231 3668 359 3717 vocem
385 3672 421 3718 se
448 3671 524 3719 esse
554 3645 692 3731 asserit,
721 3644 803 3740 quie
829 3644 992 3716 Verbum
1019 3670 1111 3740 prte-

229 3760 333 3862 eedit,
384 3762 592 3838 Adventum
615 3761 733 3856 itaque
755 3761 992 3835 Dominicum
1020 3788 1109 3858 prae·

229 3900 370 3945 currens
396 3905 471 3950 vox
493 3879 637 3964 dicitur,
666 3878 746 3973 quia
766 3906 831 3973 per
854 3878 926 3950 eius
953 3878 1110 3953 ministe-

268 4025 297 4098 ι)
320 4024 383 4093 eug.
408 4036 458 4098 tu·
520 4029 567 4101 st)
592 4031 634 4090 'A
650 4030 682 4084 V·
706 4039 816 4100 n'459·
1045 4100 1051 4109 .
