2460 4560
1017 338 1092 408 119

57 454 169 540 tatem
190 462 287 539 illam
310 463 415 541 huius
440 465 567 539 mundi
588 467 825 541 adversariam
848 468 980 542 civitati
1004 464 1091 541 elecss
1122 513 1125 516 ι
1162 497 1166 501 ·

59 601 181 675 torum
217 584 364 658 suorum
400 584 446 655 nd
480 609 604 658 eorum
642 585 839 660 vindictam
869 586 1091 670 faciendam,

57 711 266 773 clamantium
284 710 376 789 adst
395 712 444 772 die
465 730 502 773 ac
525 722 620 773 nocte
665 702 828 776 Dum
792 703 945 779 vicissim
968 702 1091 774 fideles

58 816 126 895 sibi
150 817 197 888 de
218 820 319 893 mulis
345 845 365 891 a
388 817 679 916 persecutoribus
705 821 809 893 illatis
834 845 986 897 coronas
1013 826 1092 890 ne'c·

10 918 13 925 ’
58 952 142 1006 tunt
165 935 318 1030 perinde
344 961 385 1007 ac
409 938 454 1008 de
478 935 586 1007 bonis
611 962 630 1006 a
656 964 693 1009 se
717 939 826 1015 factis.
878 936 964 1029 Qua
987 936 1031 1006 de
1054 960 1092 1006 re

58 1051 209 1125 mirifica
237 1073 290 1125 est
317 1051 478 1126 inductio
510 1055 555 1124 de
588 1051 708 1128 villico
745 1053 959 1149 iniquitatis,
991 1050 1091 1123 cuius

54 1171 239 1264 exemplo
255 1191 382 1242 monet
406 1196 473 1243 nos
494 1170 658 1245 Christus
683 1169 745 1262 u):
775 1183 881 1248 Facite
901 1181 988 1247 notis
1014 1179 1092 1240 ami·

58 1314 110 1356 cos
129 1297 168 1357 de
181 1313 358 1358 mammona
376 1301 575 1380 iniquitatis,
596 1312 632 1360 ut
649 1318 717 1360 cum
735 1266 924 1377 defeceiitis,
941 1298 1092 1376 recipiunt
1164 1362 1167 1364 ,

58 1431 117 1474 uos
143 1413 180 1473 in
202 1424 313 1474 eterna
337 1415 548 1481 tabernacula.
599 1404 702 1478 Dicit
729 1407 801 1479 hoc
827 1424 1016 1502 postquam
1041 1401 1092 1474 in·

60 1519 223 1592 duxisset
243 1521 405 1595 villicum
431 1513 647 1618 iniquitatis,
675 1523 737 1616 qui
766 1549 846 1595 curn
869 1521 1091 1598 amovendus

59 1655 156 1708 esset
175 1636 448 1728 avilticatione,
473 1640 680 1715 convocatis
700 1639 921 1715 debitoribus
940 1633 1092 1742 Domini

57 1753 110 1826 tui
128 1755 295 1850 fingulis,
324 1779 468 1854 acceptu
488 1759 608 1854 priore
636 1756 799 1827 cautione
823 1754 993 1826 maiorem
1013 1776 1091 1848 par·

57 1895 131 1943 tem
162 1868 275 1944 debiti
302 1875 456 1961 remisit,
492 1894 532 1947 ut
562 1892 720 1947 amotum
755 1897 792 1942 se
823 1869 1023 1966 reciperent
1054 1866 1092 1944 in

56 1988 192 2060 domos
223 1990 312 2066 suas.
382 2001 568 2077 Lourinon,
603 1988 744 2074 subdit,
782 1998 922 2065 domiuus
952 1995 1092 2056 vitreum

50 2116 261 2196 e'rri'qut'tatis,
280 2119 357 2200 quia
367 2119 538 2200 prudenter
546 2116 695 2195 fecisset:
713 2115 797 2197 Quin
811 2113 874 2191 filit
888 2110 1092 2190 huiusfaeculi

48 2230 273 2312 prudentiores
287 2233 366 2309 filiis
394 2236 470 2303 lucis
490 2238 523 2295 irr
542 2236 738 2309 generatione
757 2230 825 2310 fita
840 2230 930 2306 sunt.
989 2218 1091 2297 Dum

55 2363 192 2432 nempe
218 2338 304 2426 illis,
331 2341 544 2436 quibuscum
572 2341 671 2412 bona'
694 2343 756 2412 sun
774 2339 917 2436 propria
935 2361 1092 2415 commu·
1138 2422 1140 2425 ι

56 2452 119 2526 nia
138 2455 225 2528 fecit
251 2458 400 2533 coelestis
431 2458 553 2543 Pater,
582 2477 621 2529 ut
648 2456 787 2553 possint
819 2456 881 2528 srbi
908 2456 1022 2525 fucere
1046 2453 1092 2524 de

53 2570 127 2643 illis
146 2573 281 2652 amicos
302 2601 370 2670 pro
392 2573 465 2652 vita
486 2595 634 2656 aeterna,
663 2601 738 2646 non
754 2573 833 2642 sunt
856 2571 930 2641 eius
949 2569 998 2640 rei
1020 2590 1092 2642 tam

47 2687 231 2777 studiosi,
258 2715 364 2786 quam
387 2691 450 2763 filii
471 2691 585 2783 ‘huius
611 2689 727 2765 saecuti
747 2688 793 2758 nd
818 2689 878 2759 sua
900 2685 1092 2767 commoda

56 2830 106 2877 ex
134 2805 243 2885 bonis
269 2807 391 2880 alienis
418 2806 663 2908 Domitiorum
684 2807 836 2885 suorum„
868 2880 875 2894 ‚

139 3040 250 3113 Simul
274 3042 333 3114 hic
360 3042 648 3140 incomparabilis
670 3042 866 3118 differentia
889 3040 938 3115 ob
968 3041 1094 3114 oculos

53 3159 213 3255 ponitur
232 3156 384 3232 Domini
404 3188 521 3234 rerum
543 3163 704 3236 omnium
725 3162 762 3234 in
780 3160 895 3244 omlis,
916 3177 1093 3229 eteorum

54 3276 252 3370 quibona
278 3277 468 3371 possident
492 3277 564 3350 fibi*
580 3279 723 3376 propria
752 3279 789 3348 in
817 3277 926 3349 terris.
992 3272 1094 3350 Talis

52 3415 137 3466 erat
171 3392 283 3483 homo
310 3393 390 3478 ilie,
429 3419 535 3488 quem
564 3415 635 3466 tam
667 3395 793 3470 nativis
825 3390 1006 3465 coloribus
1035 3389 1094 3461 de·

50 3507 180 3583 :scribit
204 3508 390 3597 Christus,
431 3510 516 3584 dum
542 3512 647 3586 nobis
672 3511 716 3582 ab
747 3509 846 3581 omni
872 3505 1014 3579 avaritia
1040 3531 1093 3585 ca·

51 3644 142 3698 vet:
169 3633 277 3716 Quia,
305 3628 353 3698 ait
373 3623 432 3718 b),
460 3656 521 3702 nou
543 3639 576 3700 in
600 3639 792 3699 abundantio
817 3638 998 3716 cuiusquam
1019 3636 1093 3695 nita

45 3753 124 3811 ,eius
149 3764 215 3827 est,
257 3771 295 3814 ex
323 3754 372 3818 liis
406 3753 476 3837 quit
486 3757 635 3835 possidet.
702 3743 814 3816 Cuius
838 3741 887 3813 rei
911 3742 1094 3838 experien-

53 3856 143 3933 ciam
168 3858 280 3931 docet
305 3861 529 3964 similitudine
558 3865 617 3936 itta
642 3863 687 3936 de
714 3861 861 3936 homine
881 3859 1092 3944 divite‘itlo,
1178 3895 1180 3900 ’

99 4008 130 4082 a)
152 4009 217 4070 tue.
247 4011 327 4067 xri.
357 4029 385 4082 9.
488 4013 517 4092 r)
542 4014 582 4076 ru
607 4016 674 4074 xil.
701 3990 760 4084 ις.Ι
1066 4100 1156 4272 Ι
