2460 4560
91 473 230 579 Spiritu
251 480 371 552 sancto
395 493 607 576 conceptum
632 481 779 556 enixura
804 502 896 558 esset
919 483 973 557 Fi·
993 482 1105 546 cm?

86 599 184 673 lium
209 595 403 682 Altissimi‚
433 598 531 682 fore,
566 598 627 692 qui
651 619 859 694 regnaturus
883 623 974 675 esset
1034 602 1067 659 V·

88 712 132 786 in
153 733 324 814 aeternum
338 709 387 793 s’tc
400 698 458 792 dr
472 710 605 796 dirivare.
635 714 748 806 Quod
765 743 853 791 vero
870 725 974 815 quale
988 716 1127 778 ΜΝ

93 831 139 931 fit
170 830 328 901 futurum
368 829 575 902 aeviternum
615 850 782 928 tempus,
821 861 866 907 ne
903 862 973 908 am·

90 945 249 1042 biguum
285 970 361 1016 esse
401 967 522 1041 posset
552 945 720 1034 additur,
763 929 863 1045 regni
900 954 973 1026 eius

89 1048 280 1152 Baesadine
299 1059 414 1142 ,ἀυτῶ
442 1079 547 1156 quom
579 1083 671 1136 esset
693 1065 869 1163 paritura,
899 1096 975 1143 non

87 1182 176 1255 fore
206 1178 325 1250 finem
393 1177 480 1250 Haec
502 1204 590 1252 vero
615 1167 717 1278 supra
747 1204 910 1281 captum,
932 1207 975 1263 et

87 1300 189 1370 ultra
210 1293 509 1392 exspectationem
530 1315 628 1369 erant
645 1300 826 1372 carnaliter
843 1302 978 1398 sapien»

90 1415 186 1487 tium
226 1412 456 1499 Judaeorum,
508 1412 648 1509 sibique
686 1407 975 1513 persuadentium

89 1555 248 1627 regnum
273 1548 449 1601 terrenum
475 1527 520 1611 εἰς
541 1519 599 1613 riis
617 1531 738 1616 diritate
763 1561 827 1631 per
850 1538 975 1610 saecula

85 1665 373 1745 perennaturum
404 1645 442 1718 in
477 1646 588 1719 domo
622 1649 764 1737 Jacob,
808 1677 849 1724 ac
885 1654 974 1725 tolio

89 1763 237 1839 David.

168 1999 312 2074 Missus
347 1995 515 2097 quidem,
555 2020 591 2071 et
631 1992 824 2075 destinatus
863 2001 976 2076 iuerat

92 2119 264 2193 Christus
296 2120 342 2191 ad
375 2118 582 2214 quaerendas
617 2119 863 2306 Valvandas
890 2141 977 2192 oves

91 2236 260 2322 Israelis,
288 2261 333 2307 ex
357 2261 430 2330 quo
458 2234 560 2309 etiam
584 2258 622 2329 qi
667 2260 789 2331 unque
818 2263 899 2308 eum
926 2263 979 2309 re·

93 2348 301 2450 ceperunt,
336 2352 371 2422 in
396 2369 544 2446 regnum
567 2354 666 2423 suum
696 2352 898 2449 adscripsit,
930 2373 979 2425 at>

87 2497 169 2568 que
202 2495 247 2540 ex
277 2468 340 2539 illo
365 2472 502 2565 populo
529 2472 711 2563 apostolos
734 2470 882 2564 selegit,
917 2466 979 2564 qui

88 2585 336 2680 Evangelium
362 2586 539 2657 deferrent
559 2585 605 2656 ad
626 2606 769 2679 gentes,
797 2611 883 2680 quas
903 2605 979 2656 om'a

89 2728 163 2777 nes
187 2703 225 2772 in
246 2701 376 2774 semine
399 2701 581 2774 Abraham
604 2699 865 2774 benedicendas
896 2727 979 2797 pro·

88 2799 242 2895 miserat
263 2818 365 2890 Deus
391 2814 451 2906 a),
478 2809 637 2906 univcisos
657 2830 850 2903 cognationes
874 2840 979 2902 tetra,-

88 2957 210 3038 prout
232 2935 447 3030 singulariter
467 2934 594 3007 iterum
617 2959 658 3012 ea
677 2935 867 3030 promissio
886 2935 979 3006 facta

92 3074 154 3129 est
179 3052 383 3150 patriarchae
410 3051 539 3140 Jacob,
566 3071 753 3148 postquam
780 3051 818 3122 in
848 3050 978 3122 somnis

90 3170 192 3246 vidit
220 3172 345 3242 scalam
375 3167 522 3240 stantem
551 3170 655 3264 super
685 3189 836 3253 terram,
864 3187 898 3239 et
925 3194 978 3239 ca·

89 3313 231 3364 cumen
254 3286 344 3358 illius
373 3304 522 3380 tangens
543 3289 691 3374 coelumy,
719 3287 864 3378 angelos
892 3308 981 3377 quo·

90 3431 172 3502 que
203 3400 278 3473 Dei
305 3392 535 3474 ascendentes
567 3422 601 3472 et
629 3401 885 3473 descendentes
915 3425 980 3494 per

93 3547 200 3604 eam,
228 3538 264 3590 et
283 3517 483 3610 Dominum
505 3517 667 3589 innixum
683 3518 782 3589 scalae
803 3515 980 3603 dicentem

90 3639 165 3714 fibi
181 3631 241 3726 b):
269 3643 333 3720 Ego
343 3643 419 3725 snm
434 3641 586 3723 Dominus
603 3642 686 3704 Deus
704 3641 863 3705 Abrohom
875 3645 979 3721 patris

90 3768 167 3840 tui,
195 3775 227 3824 et
253 3761 336 3826 Deus
361 3763 475 3823 Isaac.-
518 3736 667 3836 Terram,
703 3759 736 3820 in
756 3748 978 3840 pandosiam,

90 3883 157 3948 tibi
180 3879 285 3956 dabo,
312 3891 343 3940 et
354 3875 469 3957 semini
493 3892 558 3942 trio.
621 3877 752 3960 Eritque'
764 3873 870 3957 semen
891 3889 979 3939 tuum

132 4012 595 4098 a)om.xt1.a.xX11.1s
658 4018 689 4096 t)
707 4018 748 4079 111.
768 4015 911 4095 XXVIII,
933 4024 976 4078 rt.
1045 4026 1047 4030 “
