2460 4560
453 403 684 416 ..m

1013 386 1078 455 ¹5¹

60 535 206 600 terram,
229 537 250 592 a
274 511 442 608 sanguine
461 512 556 588 Abel
577 512 657 586 iusti
681 538 793 609 usque
812 513 857 617 ad
876 513 1082 608 sanguinem

58 631 259 718 Zachariae,
306 629 368 701 filii
407 629 610 718 Barachiae,
653 657 757 726 quem
788 630 964 702 occidistis
991 632 1083 704 inter

58 751 232 845 templum
264 767 299 819 et
325 749 442 819 altare.
510 747 631 818 Amen
664 749 745 819 dico
772 747 901 835 vobis,
938 748 1092 856 venient

30 859 130 938 'haec
154 863 275 937 omnia
298 866 404 960 super
430 864 696 959 'generationem
717 863 828 938 istam.
879 866 1086 953 Jerusalem,
1109 905 1112 914 ,

54 982 271 1068 Jerusalem,
299 1006 378 1076 quae
401 981 535 1056 occidis
557 982 766 1077 prophetas,
795 1002 829 1053 et
850 983 982 1078 lapidas
1007 1008 1080 1069 eos,
1198 1050 1202 1055 .

55 1098 115 1194 qui
139 1099 187 1170 ad
219 1118 252 1170 te
286 1097 382 1169 missi
416 1099 529 1185 funt,‘
562 1099 700 1194 quoties
734 1097 833 1176 volui
863 1125 1081 1195 congregare

54 1216 147 1287 filios
177 1233 277 1302 tuos,
304 1215 604 1310 quemadmodum
632 1216 762 1311 gallina
790 1229 988 1312 congregat
1004 1219 1082 1312 pul·

10 1328 15 1345 ²
54 1337 107 1405 los
130 1334 215 1404 suos
240 1332 305 1404 sub
329 1336 422 1419 alas,
463 1351 498 1412 et
523 1331 701 1410 noluisti?
739 1332 836 1415 Eece
862 1333 1080 1428 relinquetur

53 1449 157 1521 vobis
186 1448 314 1522 domus
344 1469 462 1523 vestra
496 1450 644 1524 deserta.
715 1449 813 1521 Dico
838 1449 931 1521 enim
953 1450 1078 1537 vobis,

53 1593 126 1637 non
139 1592 196 1660 me
214 1565 380 1643 videbitis
393 1567 535 1654 amodo,
555 1568 672 1639 donec
690 1567 829 1638 dicatis:
850 1566 1076 1653 Benedictus,

53 1682 114 1777 qui
147 1682 251 1754 venit
285 1682 322 1757 in
360 1684 506 1754 nomine
543 1682 706 1760 Domini.
720 1686 742 1720 “
807 1682 967 1753 Fuerunt
1001 1684 1078 1753 haec

43 1804 234 1895 postrema
254 1800 299 1872 ad
320 1800 464 1872 Judaeos
486 1799 614 1884 verba,
643 1796 774 1894 quibus
794 1800 894 1871 dictis
917 1822 1081 1894 egressus
1181 1803 1184 1807 ’

55 1933 106 1986 est
131 1915 179 1986 de
206 1919 364 2014 templo,
391 1917 460 1987 iam
488 1939 563 1993 non
588 1915 672 1989 illuc
698 1941 912 1991 reversurus.

30 2250 264 2349 ‘tcnntsrt
305 2265 426 2338 cum
447 2265 739 2338 -otscuutrs
779 2265 962 2339 snumo
1002 2261 1076 2337 DE

237 2394 440 2460 exorno
473 2397 609 2467 uanis,
648 2397 699 2469 at
731 2397 855 2463 onus.

51 2611 196 2686 XXIV.
223 2543 368 2694 Mox
403 2634 576 2693 memorat
615 2615 840 2708 Matthaeus,
885 2613 1083 2686 accessisse¹
1132 2614 1139 2623 ”

52 2731 249 2826 discipulos
285 2732 381 2822 eius²
420 2752 461 2805 ut
494 2732 723 2812 ostenderent
756 2732 787 2804 ei
822 2731 1074 2804 aedificationes

51 2847 183 2944 templi.
236 2858 304 2937 Ipse
330 2870 434 2926 aretem
457 2861 635 2939 respondens
655 2861 740 2921 dixit
764 2860 847 2925 illisa
880 2859 995 2920 Vidett'r
1011 2858 1076 2918 'laec

49 2973 184 3035 omnia?
210 2976 306 3044 Amen
325 2975 393 3040 dico
411 2975 516 3048 uoltis,
545 2995 603 3036 non
620 2977 873 3057 relinquerunt
892 2972 1078 3055 lapissuper

45 3089 200 3172 lapidem,
228 3094 282 3172 qui
307 3109 366 3153 non
389 3092 567 3153 destruatur
593 3080 642 3173 a).
696 3083 779 3161 Plus
805 3082 916 3158 modo
945 3079 1067 3176 paucis

14 3289 17 3293 1
38 3198 211 3270 dixerat:
248 3208 323 3270 Ecce
350 3209 537 3290 relinquetur
562 3214 650 3273 vobis
678 3211 785 3277 danaus
813 3221 920 3272 vestra
946 3211 1077 3286 deserto.

46 3315 93 3387 Et
116 3318 229 3412 paulo
251 3335 332 3387 ante
358 3315 394 3389 in
419 3315 692 3412 epiphonemate
716 3316 893 3411 parabolae
919 3314 965 3389 de
993 3313 1081 3386 vini„

47 3453 123 3508 tore
147 3433 259 3503 modo
281 3454 503 3519 memoratae,
527 3434 625 3504 cuius
650 3435 811 3527 agricolae
834 3431 945 3510 filium
969 3432 1077 3503 haere·

46 3549 126 3621 dem
151 3548 380 3635 occiderunt,
406 3530 579 3626 allusione
598 3549 707 3626 veluti
730 3550 774 3619 de
796 3548 972 3643 lapidibus
992 3570 1077 3622 tem·

44 3667 93 3760 pli
119 3668 231 3737 facta:
258 3665 502 3760 „Nunqunm,
526 3667 574 3737 ait
590 3662 647 3753 lt),
666 3665 798 3759 legistis
816 3645 852 3734 in
874 3666 1072 3761 scripturis:

44 3781 217 3880 Lapidem
241 3808 347 3876 quem
371 3784 653 3879 reprobaverunt
674 3782 908 3869 aedificantes,
934 3785 991 3857 hic
1010 3787 1079 3855 lac·

44 3920 96 3972 tus
132 3919 187 3970 est
216 3898 253 3969 in
288 3921 395 3994 eaput
426 3901 555 3998 anguli.
610 3899 646 3969 A
672 3898 837 3973 Domino
865 3904 1079 3973 factumest

83 4050 113 4128 a)
137 4050 239 4107 Metth.
263 4049 388 4113 xxti).
415 4067 439 4111 1.
537 4049 565 4125 i>
591 4051 630 4111 Ji.
654 4047 845 4120 ΧΧιιιωί

1118 3534 1127 3548 0

1075 4092 1164 4272 d
