2460 4560
412 371 643 384 ὴ*-

893 358 964 422 ²07
1019 434 1027 447 .

87 486 269 572 esuriens,
306 484 445 570 ficiens,
486 474 631 579 passus,
669 501 703 557 et
728 478 966 580 ignominiosa
996 481 1110 548 estur

83 625 204 676 morte
234 604 387 675 sublatus
420 621 487 673 est:
528 599 612 687 „Ut
636 601 788 690 scilicet,-
821 597 967 698 planum
1025 603 1077 663 ¹1¹·

82 723 207 807 lieret,
234 722 313 813 sunt
334 719 446 791 verba
472 717 716 789 &Athanasii
743 715 804 809 a),
830 745 969 790 omnes·
989 718 1129 780 “W'‘

81 864 158 934 que
190 839 434 922 crederemus,
472 856 554 907 eum
580 832 717 931 ipsum,
740 830 806 931 'qui
828 837 966 932 semper
1056 852 1058 857 '

88 954 200 1028 Deus
214 955 298 1039 suit,
322 974 357 1026 et
384 975 466 1040 θος,
493 952 538 1022 ad
561 979 654 1048 quos
677 954 845 1040 accessit,
872 957 968 1026 sanc-

86 1093 145 1145 tos
172 1073 308 1155 effecit,
336 1068 527 1165 omniaque
546 1070 646 1142 iuxta
669 1069 780 1142 Patris
805 1073 966 1144 volunta·

86 1209 162 1262 tem
204 1187 450 1274 administrat,
492 1193 639 1284 propter
678 1214 744 1259 nos
782 1187 968 1261 hominem
1076 1176 1077 1179 Ἴ

87 1325 217 1404 postea
246 1306 376 1386 sactum·
408 1299 539 1390 fuisse,
573 1325 702 1400 atque,
738 1325 779 1376 ut
811 1305 971 1400 loquitur

87 1423 311 1519 Apostolus,
338 1416 557 1493 divinitatem
577 1422 810 1519 corporaliter
830 1423 867 1493 in
895 1449 965 1495 car·

88 1566 136 1611 ne
158 1539 358 1610 habitasse:
377 1533 496 1633 'quod
523 1539 618 1610 idem
645 1560 724 1625 est,
759 1566 800 1610 ac
822 1541 850 1611 si
873 1541 971 1612 dices

88 1676 160 1743 ret,
190 1682 271 1728 cum
289 1655 394 1727 Deus
412 1675 522 1741 esset,
548 1656 732 1751 proprium
752 1657 876 1729 habuit
894 1685 968 1729 cor·
1020 1677 1022 1685 ’

89 1800 157 1871 pus
171 1830 187 1874 ,p
222 1797 296 1868 quo
332 1793 372 1844 ut
404 1772 637 1843 instrumento
672 1790 810 1858 utens„-
854 1775 967 1846 homo

87 1909 239 1987 propter
260 1915 327 1961 nos
347 1890 459 1959 sactus
483 1907 544 1958 est.
555 1890 577 1924 ‘⁶
620 1887 732 1976 Hinc,
757 1914 840 1983 quae·
856 1891 969 1964 carnis
1057 1872 1067 1891 ’

87 2009 171 2078 sunt
193 2003 357 2102 propria,-
390 2002 440 2074 illi
463 2000 722 2092 attribuuntur,
759 2005 842 2099 qnia
865 2007 901 2077 in
927 2034 968 2080 ea

89 2150 224 2223 nempe
244 2119 463 2194 subsistebat.
494 2121 603 2202 2Haec
628 2147 714 2217 ergo
738 2123 775 2193 in
795 2150 830 2196 se
849 2126 970 2203 omnia

89 2239 246 2337 suscepit
278 2234 316 2310 in
348 2261 456 2338 carne
481 2239 643 2313 Salvator¹
676 2259 825 2328 noster,-
863 2263 969 2339 atque

87 2358 195 2431 etiam
226 2354 453 2453 Evangelista'
484 2343 569 2429 dum
597 2355 760 2428 Verbum
783 2358 968 2432 hominem

91 2474 289 2571 suscepisse
313 2490 502 2560 memorat,
530 2493 671 2575 carnem
696 2476 825 2546 sactum
852 2473 968 2550 dicere
1043 2571 1046 2578 Ι

89 2593 211 2665 voluit
231 2613 361 2682 aparte
381 2592 499 2676 afficta
512 2599 712 2681 potissimum
733 2603 862 2662 animali
876 2600 972 2678 figni-

86 2718 217 2796 ficato,
254 2731 334 2780 cum
369 2708 401 2779 S.
436 2707 575 2804 Cyrillo
604 2707 711 2778 Alex.
742 2706 841 2780 inh.
869 2713 892 2784 l.
920 2714 970 2782 lo-

91 2852 189 2922 quor
211 2824 275 2915 b):‘
316 2875 338 2911 ,‚
348 2817 399 2894 Ut
424 2845 497 2896 una
520 2841 725 2895 cerneretur
745 2828 900 2914 vulnus,
931 2849 971 2900 et

92 2942 320 3017 temedium:
354 2967 472 3036 aeger,
509 2956 546 3012 et
576 2941 763 3012 medicusz'
800 2945 899 3037 qnod
932 2945 971 3015 in

92 3080 246 3131 mortem
267 3052 473 3155 prolapsum
495 3079 566 3145 est,-
594 3078 629 3130 et
652 3059 714 3155 qui
737 3060 904 3132 excitavit
926 3063 972 3135 ad

93 3177 228 3248 vitam:
253 3177 353 3270 quod
372 3176 593 3271 corruptioni
620 3178 742 3265 cessit,
766 3199 799 3249 et
823 3179 883 3272 qni
899 3206 973 3251 cor·

90 3292 301 3390 ruptionem
324 3311 486 3364 amovet:¹
513 3294 612 3388 quod
632 3313 745 3365 morte
770 3293 974 3390 superatum

91 3431 163 3497 est,
194 3428 229 3481 et
253 3409 313 3504 qui
336 3431 450 3488 morte
470 3410 628 3541 superior
651 3430 723 3482 est:
750 3408 850 3505 quod
870 3412 972 3482 orba-

94 3549 172 3601 tum
201 3545 253 3597 est
279 3527 374 3613 vita,-
398 3547 434 3599 et
462 3519 524 3623 qui
545 3518 656 3601 vitam
678 3522 834 3621 largitur
883 3528 974 3601 Non

97 3664 218 3718 autem
241 3644 305 3728 ait,
333 3646 377 3715 ad
394 3664 535 3717 carnem
549 3636 709 3717 Verbum
729 3637 887 3731 venisse,
914 3647 994 3719 sed·

98 3788 244 3843 carnem
265 3763 397 3837 sactum
418 3789 512 3850 esse,
539 3785 585 3835 ne
603 3761 812 3835 habitudine
834 3763 921 3836 ficut
936 3764 974 3838 in
1005 3747 1009 3758 ⁹

141 3946 172 4023 a)
199 3949 269 4001 Orat.
295 3947 350 4006 sss·
378 3948 445 4002 Cont.
469 3949 558 4009 Arsen.
581 3967 608 4011 n.
625 3956 675 4021 31
703 3950 734 4007 T·
757 3950 781 4012 Ι·
800 3961 829 4021 Ρ·
855 3954 925 4025 581ae

190 4031 277 4105 OT·
300 4031 354 4094 IV·
375 4044 402 4101 P·
424 4045 468 4100 95·
