2460 4560
148 360 193 411 ro
539 328 858 426 w!

144 481 379 558 confessionis
400 498 529 558 nostrae
552 477 692 550 Jesum:
727 479 789 576 qui
807 479 921 554 fidelis
944 500 998 578 est
1024 483 1076 574 ei,
1105 485 1172 581 qui

143 601 228 675 lecit
246 601 364 686 illum,
399 599 486 693 ficut
510 616 546 668 et
569 595 727 692 Moyses
750 596 789 677 in
811 598 1055 696 omnidomo:
1081 601 1170 675 eius,

143 717 341 814 Amplioris
366 714 460 797 enim
483 711 603 809 gloriae
624 711 689 796 iste,
713 739 785 810 prae
805 715 945 812 Moyse
964 716 1095 812 dignus
1115 738 1167 792 est

141 833 303 921 habitus,
327 850 462 928 quanto
480 831 687 928 ampliorem
703 831 880 912 honorem
899 832 1007 906 habet
1025 835 1166 923 domus,

143 952 206 1046 qui
234 933 420 1033 fabricavit
444 948 594 1036 illam,“
627 947 752 1026 mundi
780 944 944 1020 nimirum
971 949 1076 1034 huius
1102 977 1167 1047 per

49 1067 51 1072 ’
145 1066 308 1140 Verbum
344 1062 429 1141 lacti
454 1066 643 1149 fabricam,
680 1062 764 1133 dum
804 1066 924 1137 omnia
951 1093 1015 1164 per
1049 1067 1168 1164 ipsum

142 1185 235 1260 lacta
254 1185 351 1271 sunt,
379 1201 413 1264 et
433 1181 504 1252 stne
522 1179 603 1276 ipso
623 1179 754 1258 factum
772 1202 825 1254 est
842 1182 949 1272 nihil,
978 1185 1077 1280 quod
1097 1185 1169 1257 fac·

53 1321 56 1331 ¹
144 1319 230 1374 tum
245 1319 307 1371 est.

219 1530 321 1604 Dum
346 1530 451 1627 igitur
474 1532 521 1608 fic
549 1532 582 1610 S.
605 1532 759 1613 loannes
790 1531 926 1612 divinas
951 1533 1056 1606 nobis
1082 1559 1166 1631 pau·

123 1635 125 1647 ’
144 1650 198 1724 dit
222 1649 377 1745 origines
399 1649 512 1730 Verbi
534 1649 722 1737 incarnati,
748 1677 813 1746 per
834 1652 934 1745 quod
957 1652 1078 1722 omnia
1098 1653 1170 1730 fao,

66 1762 71 1771 ’
144 1787 181 1840 ta
204 1769 305 1854 funt,
331 1759 377 1848 'ex
403 1767 536 1856 caeteris
561 1747 817 1862 Evangelistis²
844 1767 907 1862 qui
935 1766 979 1839 ab
1001 1767 1166 1839 humanis

131 1884 279 1956 'Christi
308 1882 480 1973 natalibus,¹
506 1885 753 1984 auspicantur,
794 1884 825 1970 S,
859 1867 971 1966 huces
1000 1887 1166 1980 genealo-

144 2001 239 2095 giam
276 2000 407 2100 Christi
437 2022 650 2097 prosecutus
680 2029 794 2098 usque
825 2002 871 2082 ad
896 2001 1044 2098 primam
1069 2002 1168 2079 illam,

145 2142 286 2202 rerum,
337 2116 548 2212 generisque
587 2117 734 2194 humani
768 2116 964 2218 originem:
1014 2127 1077 2212 Qui
1093 2129 1166 2206 fuit

144 2244 276 2320 Adam,
313 2245 367 2323 qui
383 2241 457 2321 fuit
481 2242 542 2304 Dei
567 2229 626 2322 a),
666 2235 840 2306 humanos
872 2233 1003 2306 Christi
1031 2238 1167 2307 natales

145 2375 226 2450 cum
252 2348 401 2436 divinis,
429 2349 558 2444 quibus
580 2375 633 2447 ex!
652 2350 756 2432 Patre
777 2369 878 2422 natus
903 2369 956 2434 est
983 2370 1065 2424 ante
1092 2378 1167 2422 om·

144 2464 204 2541 nia
223 2466 365 2552 saecula,
393 2465 595 2562 coniungit3
632 2467 665 2551 S.
690 2468 889 2556 Matthaeus
914 2493 1002 2541 vero
1032 2468 1167 2540 Christi

30 2663 34 2670 ‚
144 2583 388 2677 genealogiam
414 2583 459 2665 ab
481 2582 688 2671 Abraham,
714 2585 772 2658 cui
796 2583 984 2680 promissio
1010 2585 1166 2680 primum

143 2701 237 2772 facta
258 2720 328 2789 est,
355 2699 392 2779 in
413 2699 545 2788 semine
565 2699 640 2773 eius
660 2701 921 2784 benedicendas
946 2726 1020 2772 esse
1039 2728 1165 2773 omnes

147 2815 293 2910 genter,
319 2818 455 2912 repetit.
505 2815 664 2912 Uterque
685 2843 771 2890 vero
791 2817 920 2888 horum
938 2812 1166 2911 evangelista·

132 2959 246 3020 rum,
283 2917 382 3027 quod
410 2933 567 3020 divinam
597 2934 784 3028 Evangelii
814 2932 947 3012 Christi
973 2925 1164 3005 Verbi'in·

143 3050 275 3124 carnati
302 3049 425 3136 attinet
451 3051 684 3128 oeconomiam
710 3052 748 3138 iu
774 3049 828 3124 his
856 3049 1052 3136 natalibus,
1087 3078 1163 3124 uno

145 3193 209 3239 ore
248 3164 475 3256 conformiter
503 3189 658 3255 enarrat}
708 3165 878 3254 „Christi
913 3185 1049 3254 autem,
1083 3168 1164 3239 sunt

143 3282 254 3356 verba
279 3281 448 3371 Matthaei
488 3283 514 3373 Ι,
558 3293 613 3373 18,
658 3282 840 3380 generatio
866 3282 912 3354 stc
939 3303 1035 3354 erat:
1082 3309 1166 3356 curn

144 3419 235 3471 esset
261 3399 475 3494 desponsata
502 3421 613 3489 mater
639 3401 712 3474 eius
738 3400 862 3474 Maria
887 3400 1041 3497 loseph,
1069 3419 1163 3472 ante-

143 3517 249 3610 q'uam
280 3516 534 3605 convenirent,
573 3519 720 3605 inventa,
750 3536 803 3598 est
828 3517 865 3586 in
896 3534 997 3589 utero
1025 3517 1163 3590 habens

30 3670 32 3673 ·
142 3635 187 3704 de
215 3630 342 3727 Spiritu
373 3632 553 3720 διιιιςῑοε,α
588 3635 626 3723 id,
651 3635 751 3730 quod
780 3632 882 3704 latius
908 3632 1003 3728 apud
1027 3633 1163 3707 Lucam

35 3808 37 3815 .
141 3749 168 3820 l.
201 3749 597 3843 26.seqq‚e11arratur,
660 3748 735 3840 Qui
760 3747 904 3842 quidem
930 3774 1042 3844 pauca
1069 3775 1162 3845 quae·

142 3868 221 3936 dam
243 3864 425 3950 Matthaeo
449 3867 602 3950 narranti
618 3865 817 3962 Magorum
837 3864 1103 3958 adorationem,
1127 3888 1161 3940 et
1185 3877 1186 3880 ’

182 4015 211 4088 a)
235 4016 296 4070 rae.
318 4014 376 4069 111.
403 4025 445 4082 n.
