2460 4560
159 519 259 597 Vade,
275 498 451 596 filiastrius
465 519 551 580 vivit
571 504 611 598 a)
634 507 772 597 divina,
795 533 873 606 quae
894 528 1014 607 ageret
1030 507 1108 607 ipse
1123 506 1180 582 Fi·-

126 640 128 643 ’
152 627 220 715 lius
237 626 330 714 Dei,
348 627 450 700 etiam
470 626 601 698 absens
614 632 739 722 procul
757 629 985 701 ostendebat:
1006 629 1059 703 uti
1078 630 1178 707 etiam

150 744 354 845 centurioni
378 740 436 830 b),
477 741 539 836 qui
562 742 754 836 indignum
787 771 823 816 se
850 746 1113 841 profitebatur,
1137 766 1177 817 ut

152 861 299 934 intraret
338 859 502 931 Christus
541 860 578 931 in
617 861 763 932 domum
804 861 903 949 eius,
944 861 980 932 in
1018 862 1177 935 sanando

152 991 285 1074 putre,
315 979 350 1047 e't
372 975 651 1072 Syrophoenissae
678 978 715 1048 in
739 978 819 1051 lilia.
874 978 1017 1070 Quibus
1038 978 1078 1048 in
1099 979 1180 1050 casi-

121 1099 125 1118 '
152 1095 224 1167 bus
247 1090 455 1166 miraculum
477 1095 513 1165 in
536 1095 689 1181 distans,
725 1120 806 1166 cum
832 1096 1040 1191 cognitione
1065 1122 1178 1168 rerum

154 1202 372 1298 absentium,
391 1232 430 1284 ut
443 1238 509 1283 nos
527 1212 714 1306 praesentia
732 1212 928 1300 intuemur,
948 1211 1178 1286 coniunctum

98 1364 101 1369 ’
154 1348 215 1402 est.
268 1328 322 1400 Sic
346 1332 472 1424 procul
495 1330 611 1400 adhuc
634 1355 654 1400 a
677 1329 787 1400 domo
811 1330 910 1415 lairi,
935 1355 1017 1401 cum
1035 1326 1180 1407 ‚interim

151 1463 293 1516 mortua
319 1464 410 1517 esset
430 1446 521 1532 filia,
548 1443 652 1540 quam
670 1445 815 1542 ,sanitati
840 1446 1097 1518 restituendam
1119 1447 1178 1519 fla·

152 1550 307 1656 girabat,
345 1573 416 1650 Noli
429 1619 438 1647 ,
466 1563 513 1634 ait
538 1562 629 1658 patri
654 1560 712 1666 ς),
740 1545 864 1649 timere,
891 1575 975 1634 crede
1001 1586 1128 1635 tantum
1150 1584 1179 1635 ct

37 1675 47 1683 “
126 1686 242 1784 ἰῘαῐυα
269 1668 358 1750 erit.¹
406 1680 448 1750 Id
475 1681 576 1775 quod
607 1680 726 1752 adhuc
757 1684 870 1753 multo
900 1681 1115 1754 luculentius
1141 1679 1177 1751 in

127 1793 287 1891 &azam
310 1797 443 1893 patuit,
471 1823 549 1869 cum
572 1800 710 1869 sorores
730 1798 908 1884 mitterent
929 1798 973 1870 ad
995 1797 1116 1870 lesum
1140 1793 1176 1887 d)

152 1902 307 1984 dicenter:
339 1923 488 2000 Domine,
520 1945 609 2008 quem
632 1923 959 2001 umo5‚·infirmotur.
1010 1913 1176 1987 Audiens

141 2047 269 2120 ‘autem
301 2030 420 2115 Jesus‘,
456 2030 547 2101 dixit
575 2031 652 2100 eis:
690 2018 857 2116 infirmiter
887 2042 946 2116 laec
975 2061 1035 2103 non
1066 2053 1113 2104 est
1139 2041 1181 2102 ad

152 2151 300 2231 mortem,
320 2153 383 2232 seo'
400 2174 461 2234 pro
486 2157 588 2230 gloria
614 2155 693 2231 Dei,
723 2168 759 2217 ut
782 2156 970 2233 glorificetur
998 2126 1097 2220 Filius
1122 2156 1182 2219 Dei

119 2269 121 2272 ⁴
148 2290 207 2352 per
225 2289 303 2333 eam.
365 2259 472 2333 Unde
501 2281 536 2343 ‚et
566 2261 693 2334 mansit
720 2249 769 2335 ibi
796 2264 938 2336 duobus
965 2265 1116 2352 diebus,
1145 2285 1180 2337 et

152 2396 277 2482 postea
299 2377 571 2472 quatriduanum
594 2379 737 2452 demum
757 2374 978 2454 resuscitavit
999 2382 1045 2452 ad
1069 2381 1177 2455 vitam

152 2509 173 2569 a'
201 2513 335 2580 morte,
363 2520 469 2590 quam
497 2495 677 2592 discipulis
703 2496 820 2571 adhuc
838 2498 876 2569 in
899 2497 1024 2569 itinere
1052 2498 1180 2572 consti·

151 2633 267 2702 tutus,
295 2612 395 2712 quod
416 2612 476 2684 hic
502 2613 606 2685 unice
631 2616 828 2710 spectamus
859 2615 1181 2690 addemonstran·

150 2716 234 2819 dam
254 2728 403 2831 ,Christi
439 2729 611 2826 unigeniti
649 2731 728 2804 Filii
760 2730 835 2803 Dei
868 2731 1176 2821 umniscientiam,

150 2850 290 2950 aperuit
316 2847 370 2922 his
399 2849 539 2921 verbis:
584 2848 730 2934 „Tunc
762 2875 848 2945 ergo
874 2849 973 2930 ¹lesus
1005 2849 1099 2922 dixit
1129 2850 1178 2922 eis

148 2957 348 3058 manifeste:
374 2966 530 3041 Lazarus
544 2970 714 3049 'mortuus
738 2984 799 3050 est.
839 2966 888 3037 Et
908 2949 1050 3062 gaudeo
1073 2993 1178 3066 prop

108 3072 110 3076 .
150 3108 202 3160 ter
232 3113 323 3176 vos,
360 3106 401 3176 ut
430 3084 605 3171 credatis,
643 3083 812 3179 quoniam
846 3109 921 3155 non
953 3109 1048 3156 eram
1082 3085 1178 3164 ibi.“

152 3205 266 3298 Quod
308 3185 475 3277 intererat
510 3226 618 3300 quam
654 3199 835 3288 maxime,
889 3219 930 3272 ut
976 3201 1180 3299 cumprimis

148 3321 320 3418 Apostoli
347 3321 384 3392 in
410 3322 482 3394 fide
508 3322 753 3408 firmarentur,
781 3319 819 3396 id
845 3344 919 3390 non
942 3320 1056 3391 folum
1080 3318 1178 3392 mira·

148 3439 242 3512 culis
263 3439 415 3527 factum,
441 3435 697 3513 verumetiam
724 3463 789 3526 e0‚
815 3437 950 3531 inquo
977 3462 1076 3509 nunc
1101 3463 1180 3510 ver·

146 3564 270 3650 samur
294 3580 523 3652 argumento,
551 3560 650 3656 quod
674 3557 721 3633 ad
744 3542 904 3630 nostram
927 3553 1179 3634 inconcussam

147 3673 369 3752 reddendam
395 3675 503 3748 fidem
529 3681 685 3774 palmare
717 3696 790 3763 est,
831 3670 894 3769 qui
920 3696 1039 3742 coram
1063 3671 1184 3745 intuew

147 3816 227 3877 mur
244 3792 291 3881 ad
309 3791 472 3864 amussim
491 3796 610 3868 omnia
627 3795 772 3891 impleta
786 3817 879 3878 esse,
898 3813 978 3886 quae
994 3813 1014 3860 a
1030 3786 1177 3862 Christo

147 3906 335 4006 Apostolis
354 3909 442 3996 fuis,
465 3936 555 4006 quos
574 3910 611 3983 in
633 3913 842 3986 universum
861 3910 986 3993 orbem
1005 3906 1179 3981 missurus

105 4055 108 4060 .
178 4040 328 4134 'eleu
343 4059 426 4135 VIII.
480 4061 509 4136 t)
522 4059 559 4118 It,
576 4060 642 4128 Χγ,
697 4058 726 4138 c)
736 4061 798 4122 m·
813 4060 896 4122 Vm
914 4076 959 4135 50·
1005 4055 1043 4135 tt)
1054 4058 1102 4126 Io·
1119 4054 1175 4141 le

70 4198 182 4288 'm
