2460 4560
504 365 735 382 hun-nn*-

1036 311 1125 417 ⁷183

91 467 295 559 Constabat
311 479 553 577 aprophetis,
574 506 733 575 quorum
746 480 854 553 instar
871 481 1030 554 omnium
1050 507 1125 553 esse

92 621 226 698 potest
246 598 449 684 Psalmista,
476 621 582 691 atque
601 599 697 693 apud
719 598 815 670 hunc
836 598 952 694 ipsum
971 601 1124 695 psalmus

93 716 213 795 XXI.
262 724 363 802 Deus,
396 723 481 794 Deus
504 698 605 800 meus,
640 727 752 804 respice
780 728 906 801 inme,
955 743 1050 806 quorc
1078 740 1137 786 me·

96 842 323 923 dereliquisti?
358 830 450 923 Quae
472 832 615 912 fuerunt
636 831 712 926 ipsa
734 832 996 927 propemodum
1016 831 1127 904 verba

96 969 303 1026 extremum
326 948 394 1028 iam
422 948 760 1045 spi1·itumducentis
785 949 821 1018 in
846 975 957 1021 cruce.
1012 946 1126 1019 Dein-

98 1091 187 1161 ceps
218 1065 366 1146 veroin
398 1067 469 1148 hoc
493 1069 632 1162 psalmo
664 1065 825 1146 Christus
850 1065 919 1136 iam
951 1066 995 1137 nb
1022 1084 1144 1138 utero·

97 1181 225 1265 matris
249 1184 318 1262 fuae,
343 1204 491 1275 tanquam
513 1195 628 1263 vermis
650 1204 680 1252 et
705 1210 765 1253 non
788 1193 901 1270 nomo,
928 1193 1122 1272 opprobrium

96 1308 262 1369 nominum
292 1321 323 1379 et
343 1309 581 1392 obiettioplelsis
606 1298 752 1378 fistitur;
781 1329 881 1378 ornnes
900 1312 1038 1382 videntes
1057 1326 1124 1384 me,

96 1414 279 1510 lssequitur,¹
306 1425 471 1494 deriserunt
494 1445 558 1502 me,
580 1426 678 1509 vlocuti
693 1424 775 1503 sunt
797 1426 887 1487 lobiis
912 1437 943 1488 et
967 1434 1128 1499 (nonerunt

98 1551 223 1620 eaput,·
260 1532 451 1626 praesertim
476 1553 591 1614 autem
625 1535 661 1604 in
695 1533 769 1604 eius
794 1533 980 1631 passione,
1017 1529 1124 1627 qoam

93 1630 268 1744 primum·
285 1659 447 1730 tribulatio
470 1663 619 1738 proximu
645 1675 720 1720 esse
751 1649 879 1744 eoepit;
915 1650 1062 1743 quando
1086 1649 1124 1718 in

96 1766 212 1848 hotto
240 1775 499 1847 eirestmdederunt
524 1790 604 1835 enm
628 1775 724 1842 vituli
749 1776 858 1858 multi,
895 1787 925 1836 et
949 1777 1034 1839 touri
1054 1775 1125 1853 pin

95 1909 176 1976 goes
202 1889 379 1962 obsederunt
409 1879 549 1960 eumin
575 1877 761 1974 synedrio,
796 1879 834 1948 in
861 1879 1051 1976 praetorio,
1088 1892 1124 1951 et

96 1999 196 2070 foras
223 1997 415 2079 adductum
440 2022 461 2066 a
486 1995 600 2070 Pilato
632 1996 676 2075 ad
708 1997 834 2096 populi
866 2016 1120 2093 conspectum,

97 2136 358 2207 operueruntque
386 2120 485 2201 super
515 2137 595 2189 eum
630 2140 663 2183 os
683 2121 782 2201 fisum
810 2120 894 2198 ficut
928 2123 973 2184 leo
993 2126 1123 2205 ‘sopiens

97 2253 131 2305 et
148 2211 290 2315 rugiens:
305 2211 401 2300 ¹dum
420 2227 488 2314 iam
505 2235 588 2314 ficut
604 2257 688 2320 uqreo
703 2237 819 2315 effusus
844 2252 909 2316 est,
933 2252 969 2301 et'
983 2241 1121 2320 disperso

78 2357 172 2436 =sunt
196 2357 302 2426 omniu
326 2374 396 2423 osso
419 2344 509 2430 eius,
532 2341 726 2433 vulnerato⁴
744 2368 820 2418 toto
848 2373 1020 2442 corpore,
1047 2349 1122 2418 san·

97 2463 281 2561 guineque,
299 2463 444 2557 perfuso
463 2442 610 2556 quandd
632 2463 717 2533 inde
738 2464 781 2534 ab
804 2463 933 2556 agonia
957 2464 993 2533 in
1014 2464 1120 2545 bolso

82 2592 222 2671 facturn
252 2601 298 2651 est
322 2607 373 2648 eor
397 2591 461 2650 eius
488 2601 639 2669 lorsquorn
670 2607 740 2650 cero
765 2590 926 2669 liquescens
944 2584 990 2662 'in
1023 2591 1122 2658 medio
1197 2635 1201 2659 ,

97 2711 221 2772 ventris
247 2696 314 2773 sui:
343 2708 451 2793 uruit,
479 2718 629 2786 tunquam
653 2717 733 2772 testo
753 2708 855 2765 uirtus
886 2695 981 2782 eiuS,
1015 2715 1046 2766 et
1068 2704 1124 2765 lin·
1179 2693 1183 2702 ’

94 2843 165 2901 guo
191 2811 265 2884 eius
290 2823 416 2884 odiraesit
429 2820 579 2898 faucibus
604 2811 694 2897 suis,
723 2833 753 2882 et
780 2825 812 2882 in
829 2823 989 2902 pulverem
1014 2798 1123 2890 mortis

99 2931 278 3004 deductus
303 2948 375 3021 est,
402 2928 439 2998 in
468 2947 625 3006 montem
648 2927 837 3017 calvariae,
864 2954 935 3011 una
960 2929 1121 3009 omnium

96 3072 193 3124 voce
221 3045 405 3129 damnatus
430 3044 475 3124 ad
502 3064 669 3126 mortem:
698 3059 842 3138 qnoniam
864 3056 1123 3125 eircstmdedernnt

96 3191 181 3246 eum
206 3190 294 3232 eones
319 3173 429 3235 multi:
456 3172 615 3243 concilium
635 3173 871 3248 malignantium
895 3172 1010 3233 obsedit
1031 3187 1121 3237 eumb

95 3291 258 3353 Foderunt
280 3307 386 3355 monus
413 3277 508 3364 eius,
550 3300 585 3356 et
606 3291 699 3368 pedes
726 3280 798 3349 eins
831 3279 1063 3358 extendentes
1090 3297 1125 3349 et

91 3398 353 3492 suspendentes
377 3395 412 3471 in
433 3421 557 3488 cruce,
586 3417 623 3469 ut
644 3387 824 3491 potuerint
844 3387 999 3473 secernerent
1019 3407 1124 3470 omniu

91 3543 169 3587 osso
197 3511 283 3582 eius.
359 3522 421 3600 ipsi
445 3541 519 3591 vero
547 3524 837 3604 consideraverunt,
875 3533 905 3581 et
929 3519 1124 3598 inspexerunt
1175 3576 1180 3583 .

91 3657 178 3704 eum
206 3627 393 3699 illudentes
420 3649 455 3705 et
485 3628 786 3723 improperantes:
823 3650 853 3697 et
873 3638 1046 3709 diuiserunt
1059 3634 1122 3714 filu·

87 3747 224 3821 milites
254 3758 440 3815 uestimento
470 3746 556 3830 sua,
582 3754 681 3837 srsprer
712 3745 827 3814 uestem
864 3744 938 3816 eius
968 3757 1123 3839 mittentes

78 3876 217 3958 formu.
285 3861 358 3932 lam
389 3888 499 3950 vero,
542 3871 588 3932 Tu
619 3884 722 3933 utitem
754 3869 904 3949 Domine,
945 3865 1119 3946 clamans,
1210 3882 1213 3890 ¹
