2460 4560
308 361 379 426 272
628 325 860 369 ¹-—

161 483 275 549 C'M'UT
308 489 439 572 dandae,
469 496 658 583 postquam
694 482 812 554 ablato
845 472 989 581 sceptro
1024 487 1072 560 de
1099 487 1173 562 iuda

181 594 257 650 XW‘
307 604 513 697 reiectisque
533 599 677 697 perfidis
697 599 826 672 Judaeis
851 600 1041 698 implenda
1064 604 1173 678 iamin

146 708 288 772 “W'‘
306 720 470 818 gentibus
495 734 569 790 etat
594 717 782 815 promissio
810 741 832 788 a
864 715 953 791 Deo
980 722 1175 817 patriarcha

307 838 417 912 Jacob
452 837 544 908 facta
566 836 622 923 ¹de
658 858 727 928 qua
760 833 896 929 egimus
929 850 961 909 c'.
999 838 1102 914 Vttt.
1131 841 1176 912 ad·

309 973 478 1049 erantque
511 977 598 1024 mox
634 969 717 1039 nato
752 949 917 1025 Domino
954 956 1053 1053 magi
1085 955 1177 1030 veluti

307 1059 525 1143 incunabula
548 1067 646 1163 regni
666 1065 703 1137 in
728 1064 838 1173 domo
861 1055 977 1144 Jacob
1000 1073 1039 1144 iu
1062 1073 1177 1172 disper·

307 1189 408 1262 sione
438 1184 596 1282 gentium
630 1180 810 1257 dilataberis
839 1196 884 1257 nd
914 1188 1126 1279 Occidentem,
1154 1209 1177 1263 et

217 1284 220 1288 ¹
313 1309 484 1403 Orientem,
522 1321 553 1372 et
583 1308 843 1390 Septentrionem,
880 1319 912 1374 et
939 1311 1128 1394 Meridiern,
1151 1317 1195 1379 ιε’

308 1429 519 1493 benedicentur
542 1429 575 1487 in
598 1438 648 1511 te,
676 1437 707 1488 et
732 1429 765 1488 in
775 1426 895 1507 semine
920 1442 978 1492 eno
1002 1447 1112 1496 cuncte
1133 1435 1176 1496 tri·

296 1547 363 1633 ,bns
381 1557 465 1606 terra
482 1529 533 1622 a).
562 1532 680 1625 Quam
701 1535 978 1628 promissionem
997 1560 1175 1638 acceperat,

310 1678 392 1726 cum
417 1676 463 1724 ex
484 1649 657 1747 promissa
678 1650 776 1722 simul
801 1669 891 1724 tetra
910 1654 1096 1731 Chanaan
1120 1657 1176 1730 exi-

310 1791 409 1845 turus
435 1787 508 1841 erat
534 1770 738 1864 perplures
768 1795 880 1842 annos
905 1796 1175 1848 commoraturus

308 1887 346 1961 in
369 1871 638 1984 Mesopotamia
662 1885 785 1977 (unde
807 1886 915 1982 Magi
940 1887 981 1959 hi
1007 1891 1175 1964 advenisse

311 1999 530 2092 creduntur)
550 2000 664 2074 ductis
679 2001 780 2073 etiam
794 2001 842 2072 ibi
856 2005 1034 2081 uxoribus
1047 2006 1103 2098 b),
1116 2033 1177 2080 non

310 2121 383 2193 stne
411 2119 554 2191 numine
578 2138 724 2190 cavente
745 2139 842 2214 patre
869 2121 990 2208 Isaac,
1026 2151 1073 2196 ne
1102 2123 1178 2197 cha·

312 2235 527 2309 naanitidem
557 2234 622 2305 fibi
648 2234 898 2331 coniungeret,
925 2254 1021 2312 terra
1038 2241 1097 2315 illa
1112 2265 1177 2339 pro

275 2408 277 2415 ,
309 2354 416 2425 missa
437 2352 602 2448 quidem,
628 2350 711 2423 diris
731 2353 922 2448 aliquando
941 2373 1064 2430 tamen
1087 2359 1177 2451 devo·

310 2470 456 2544 venda:
498 2492 604 2563 quam
646 2467 748 2540 etiam
781 2472 888 2542 senex
918 2494 1050 2567 postea
1083 2473 1178 2548 Jacob

311 2613 394 2660 cum
417 2604 490 2658 tota
512 2583 642 2657 familia
667 2587 727 2656 sua
752 2587 876 2659 iterum
907 2589 1099 2666 relicturus
1120 2609 1178 2666 erat

310 2704 349 2776 in
372 2705 561 2800 AEgyptum
585 2702 757 2798 migranti
782 2705 877 2801 apud
903 2696 1047 2795 exteras
1068 2730 1178 2806 gentes

312 2821 504 2892 constituta
526 2819 637 2891 domo
663 2819 794 2907 Jacob,
810 2899 813 2906 ,
831 2820 866 2890 in
893 2846 966 2916 qua
996 2825 1178 2922 aliquando

310 2936 468 3009 Messias
497 2910 704 3033 regnaturus
735 2956 808 3009 erat
835 2937 926 3008 inter
954 2962 1087 3034 gentes
1115 2962 1178 3017 otta

308 3053 407 3126 stella
429 3080 474 3125 ex
501 3053 610 3125 Jacob
636 3053 682 3125 de
710 3079 780 3150 qua
800 3053 933 3148 Magi:
967 3068 1113 3133 Vidimus
1121 3066 1180 3148 flei-

307 3180 372 3242 tam
392 3182 456 3242 eins
476 3181 509 3241 in
533 3179 674 3258 Oriente,
697 3192 728 3242 et
748 3183 888 3244 uenimus
906 3181 1044 3249 adorare
1064 3204 1142 3249 enm.

142 3407 270 3466 Sublimis
385 3404 524 3502 Magos
541 3407 579 3478 in
597 3423 680 3503 rege
699 3407 904 3482 iudaeorum
926 3399 1082 3485 Christo
1102 3411 1178 3496 iesu

143 3492 296 3633 ξέἃξζᾞΐο
312 3544 396 3599 nato
421 3524 592 3599 excelsius
615 3526 746 3621 aliquid
771 3526 940 3614 homine,
968 3546 1082 3624 atque
1107 3525 1181 3601 divi

141 3658 282 3731 theolog-n.
310 3669 397 3715 num
431 3641 641 3737 agnovisse,
679 3642 913 3714 vetustissima
952 3663 1007 3732 est
1039 3645 1101 3718 88.-
1128 3643 1177 3716 Pa

208 3834 215 3847 s
308 3777 401 3830 trum
426 3759 619 3846 doctrina,
634 3777 704 3854 qua
732 3760 1004 3858 confundebant
1028 3762 1176 3846 iudaeos,

306 3873 354 3946 de
379 3875 521 3947 Messia
545 3879 609 3949 suo
636 3903 711 3948 non
738 3877 805 3951 nisi
831 3896 972 3951 terrena
992 3879 1174 3978 sapientes:

316 4118 319 4123 Ι
347 4021 379 4103 a)
404 4021 466 4085 Gen.
488 3982 649 4090 XXil'm.
672 4039 717 4115 ῃ.
807 4025 838 4105 b)
859 4025 898 4086 lb.
922 4042 947 4086 r.
