2460 4560
428 372 660 386 ’ἡ

1008 362 1056 431 79

26 505 107 562 iuno
127 516 204 574 nos,
226 497 370 558 misertus
386 497 503 571 nostri,
525 483 628 557 dicit:
649 497 677 556 si
691 507 784 576 poter
801 496 934 574 credere,
955 503 1060 560 omnio

24 615 191 700 possibilia
208 612 289 692 sunt
316 613 458 673 eredenti.
525 611 568 672 Et
592 615 741 672 continuo.
764 614 939 674 exclamans
963 629 1058 694 puter

25 735 116 816 pueri
130 775 152 809 ,-
179 749 248 792 cum
276 728 420 808 lacrymis
451 726 579 788 aiebat.-
620 728 712 789 (redo
738 728 894 790 Domine.-
930 731 1057 793 Adrano

28 848 277 911 incredulitatem
297 862 407 906 meom.
458 833 513 905 Sic
533 832 639 904 etiam
662 834 760 906 duos¹
777 860 891 909 caecos
914 835 1060 909 interro·

27 976 96 1053 gat.
152 963 303 1037 Creditis,
329 955 483 1042 quiahoc
502 978 630 1040 possum
645 959 756 1038 fucere
771 963 887 1024 volsis?
938 961 1056 1024 Dicunt

29 1087 81 1144 ei:
115 1081 228 1161 Utique
252 1078 392 1138 Domine.
447 1075 529 1137 Tunc
554 1078 660 1151 tetigit
680 1077 783 1138 oculos
811 1097 914 1140 eorum
939 1081 1059 1140 dicens:

31 1197 219 1260 Secundum
218 1192 323 1270 fidem
350 1204 488 1254 uestram
502 1191 575 1268 fiat
598 1194 688 1255 nobis
720 1181 785 1273 o):
823 1185 934 1256 statim
967 1212 1057 1258 vero
1157 1255 1160 1261 .

32 1330 115 1399 erga
132 1305 314 1398 leprosum
331 1300 448 1386 illum,
474 1297 534 1394 qui
552 1302 695 1398 plenam
716 1320 930 1375 contestatus
948 1303 1059 1375 fidem

30 1431 155 1491 ueniens
179 1427 331 1488 odorabat
352 1444 421 1489 eum
446 1426 567 1487 ditent:
593 1426 724 1489 Domine
748 1430 776 1488 si
799 1428 872 1506 nit,
894 1439 984 1510 potes
1008 1448 1057 1492 me

32 1545 204 1620 mundare,
244 1543 406 1606 extendent
435 1541 525 1613 Jesus
548 1560 673 1605 murrum
698 1547 803 1620 tetigit
831 1564 900 1607 eum
929 1547 1058 1608 dicens:

37 1663 132 1724 Volo:
159 1657 324 1722 Mundure.
359 1659 402 1721 Et
418 1660 576 1740 corffestim
592 1660 744 1727 mundata
761 1673 806 1723 est
822 1661 907 1742 lepra
923 1664 987 1722 eius
1006 1650 1057 1740 b).

105 1885 210 1958 Nihil
234 1885 326 1957 adeo
354 1885 480 1957 mirum
507 1903 579 1968 est,
611 1904 716 1977 quam
739 1883 848 1985 iidem
867 1882 1059 1957 miraculo·

31 2031 108 2076 sum
136 2001 271 2090 Christi
292 2001 456 2073 vacillare
482 2000 662 2097 potuisse,
690 2024 769 2095 quae
788 2006 901 2087 tanta,
929 2020 1057 2071 ettam

28 2118 229 2217 frequentia
238 2137 353 2204 erant,
368 2144 409 2190 ac
419 2118 622 2204 innumera,
636 2117 937 2211 ubiquelocorum
948 2151 961 2201 ,·
970 2112 1057 2212 pau-

32 2239 80 2310 cis
98 2236 247 2333 quidem
263 2234 330 2306 illis
345 2234 521 2306 missionis
543 2236 612 2306 suae
634 2234 734 2304 annis
755 2253 907 2329 patrata·³
929 2233 1061 2305 disc'm’·

31 2375 131 2426 rente
160 2353 222 2423 illo
248 2378 310 2448 per
335 2350 538 2447 regionem,
574 2351 702 2436 urbes,
739 2350 874 2446 oppida
896 2370 931 2424 et
954 2338 1057 2422 vicos

32 2497 113 2542 cum
136 2468 305 2564 apostolis
330 2493 371 2540 ac
390 2468 684 2539 concurrentibus
707 2469 865 2562 undique
886 2467 1059 2563 populis?

31 2587 63 2657 S.
86 2586 238 2656 Marcus
259 2581 293 2673 c)
316 2603 507 2680 postquam
534 2603 709 2654 narrasset
729 2583 934 2655 miraculum
957 2576 1060 2677 quiri·

32 2729 101 2798 que
129 2701 277 2772 millium
301 2700 460 2772 virorum
484 2700 685 2772 satiatorum
717 2694 876 2795 quinque
906 2684 1059 2794 panibuis

33 2840 67 2890 et
90 2818 236 2889 duobus
259 2815 414 2913 piscibus
433 2816 471 2886 in
495 2818 656 2901 deserto,
688 2815 788 2888 Jesus
810 2834 925 2916 autem
949 2835 1060 2888 trans·

31 2934 241 3007 iterantibus
274 2933 451 3030 discipulis
479 2932 532 3002 in·
547 2932 743 3005 Genesaret
765 2931 804 3002 in
828 2931 914 3002 mari
935 2934 1059 3007 ambit·-

32 3054 108 3123 lans
138 3050 184 3121 ad
211 3075 272 3122 eos
298 3050 498 3124 laborantes
525 3076 590 3146 per
613 3054 756 3120 noctem
782 3047 1055 3142 in‘remigando

32 3168 83 3240 ob
100 3184 250 3239 ventum
272 3167 437 3239 validum
431 3166 620 3253 venisset,
648 3192 737 3238 mox
752 3164 918 3237 cessante
936 3170 1060 3252 vento,

32 3283 153 3357 subdis
173 3274 230 3371 il):
269 3334 291 3368 ,,
303 3283 359 3354 Et
373 3287 616 3379 percurrentes
641 3275 843 3357 uniuersam
874 3281 1057 3383 regionem

32 3399 128 3473 illam
152 3419 336 3495 coeperunt
359 3399 396 3469 in
414 3385 566 3494 girbatis
589 3425 671 3487 eos,
699 3399 761 3494 qui
787 3404 824 3472 s'e
844 3401 934 3470 male
955 3394 1063 3473 hab'e'·

32 3517 141 3602 bant',
168 3514 421 3602 eir'ycumferre
441 3516 504 3586 ubi
531 3516 743 3588 audiebant
751 3518 847 3588 eirm
860 3543 947 3590 esse.
1008 3496 1058 3593 Ei

34 3658 253 3730 quocunque
276 3633 446 3706 introibat
465 3632 641 3720 invitos,
666 3651 728 3704 aut
740 3633 916 3721 civitates,
936 3633 973 3705 in
988 3640 1061 3732 plat

33 3750 96 3823 teis
132 3749 318 3859 ponebant
356 3749 539 3841 infirmos,
580 3769 616 3822 et
644 3746 945 3908 deprecabantur
959 3779 1059 3840 eum,

71 3933 103 4012 o)
131 3934 232 3991 Marto.
258 3933 311 3997 IX.
335 3941 379 3995 su
476 3935 510 4006 l)
532 3900 572 3995 u.
596 3933 695 4000 Vlll.
721 3949 747 3992 2
770 3904 816 3996 etr
873 3930 951 4010 c)
972 3890 1060 4000 Misia

94 4016 182 4095 tr.
206 4026 251 4086 ss
346 4018 379 4096 ⁴)
401 4016 439 4073 ἢ·
465 4028 542 4086 ss
696 4038 724 4045 ··
955 4034 989 4045 ··
