2460 4560
959 356 1006 428 93

78 509 196 582 usque
223 507 335 582 genus
360 505 402 555 ac
426 480 701 555 contemtibilius
725 476 797 556 fere
827 480 906 559 sum
928 509 1007 584 pas·

80 635 91 691 3
118 626 151 676 et
169 631 266 681 unus,
293 599 425 698 inquit,
447 609 565 671 exiliis
582 629 640 672 non
658 607 853 690 tudrtsoper
871 625 1006 676 terrum:

98 742 206 790 autem
231 728 335 809 capilii
365 745 466 788 omnes
491 730 645 788 numerati
659 725 756 809 stistte
811 727 914 789 Nolite
936 746 1007 806 ergo

78 864 106 906 t:
134 848 242 907 multis
260 844 437 926 passeribus
462 842 600 907 meliores
624 845 696 904 estis
722 863 788 906 vos.
847 832 886 905 A
907 835 1009 906 mini·

78 955 120 1026 tis
141 953 268 1025 iterum
288 951 333 1023 ad
351 949 501 1036 maiora,
519 951 682 1022 sermone
700 973 903 1047 assurgens,
926 964 1006 1048 quae
1063 1016 1067 1030 ,

78 1101 82 1140 s
112 1071 153 1145 in
187 1069 253 1141 hac
279 1067 353 1142 vita
382 1069 463 1140 sunt
488 1065 669 1155 chariora,
707 1068 936 1164 maximoque
966 1053 1006 1141 iri

78 1215 95 1260 s
126 1186 388 1281 arctissimeque
416 1182 626 1257 coniuncta:
659 1148 779 1273 uiuite,
805 1183 921 1280 inquit
944 1181 1007 1276 a);
1089 1232 1094 1243 ·

78 1316 153 1392 ori,
174 1317 250 1395 quia
274 1332 385 1394 pacem
410 1309 546 1373 venerim
564 1313 685 1373 mittere
714 1312 747 1372 in
776 1322 912 1374 terram.-
948 1330 1009 1374 non

78 1445 184 1511 pacem
212 1433 350 1507 mittere,
369 1428 432 1509 seri
454 1428 604 1504 gladium.
663 1427 736 1490 Veni
764 1428 843 1488 enim
855 1426 1010 1510 separare

78 1561 131 1610 um
152 1540 300 1641 adversus
316 1543 572 1628 patrensium,
599 1555 631 1605 et
646 1541 750 1620 filiam
771 1543 920 1607 adversus
941 1562 1011 1607 mm

78 1663 192 1742 fuam,
220 1677 251 1727 et
273 1656 384 1724 nurum
409 1663 556 1722 odrrersus
572 1659 700 1737 strtrum
712 1659 820 1737 suom.
883 1661 925 1722 Et
949 1665 1008 1722 ini-

79 1774 215 1843 lroniinis
239 1781 398 1843 domestici
425 1781 501 1840 eius.
563 1763 694 1862 Neque
724 1792 813 1837 vero
843 1769 924 1865 sunt
950 1771 1007 1840 hee

78 1887 209 1974 iborae,
231 1912 298 1960 nec
320 1905 457 1958 tantum
471 1889 549 1981 'pro
569 1884 656 1969 illis,
679 1882 809 1978 quibus
832 1883 1008 1972 vixerant,

78 2004 269 2078 :cutionum
300 2002 477 2098 primaevae
506 1998 676 2078 Ecclesiae
702 1999 922 2097 temporibus
947 2021 1007 2073 va-

99 2145 226 2195 verum
253 2121 356 2192 etiam
382 2119 549 2218 deinceps
573 2138 678 2214 atque
700 2119 871 2192 hactenus
894 2118 932 2189 in
956 2096 1008 2191 ofss

78 2263 142 2309 *um
164 2236 350 2310 collisione
372 2230 544 2309 tenenda:
573 2234 608 2306 in
633 2259 703 2330 qua
724 2234 846 2330 utique
865 2232 1010 2331 quibus·

78 2349 189 2427 {hristi
214 2353 393 2452 discipulis
416 2380 475 2440 ea,
503 2378 582 2450 quoe
605 2353 650 2424 ad
674 2351 797 2425 Deum
816 2353 1006 2451 pertinent,

78 2472 114 2544 ris
148 2470 315 2544 omnibus
337 2473 418 2543 sunt
450 2470 488 2542 in
521 2469 667 2542 Christo
694 2470 935 2565 praeferenda,
970 2490 1008 2544 et

82 2589 194 2660 renda
222 2614 289 2685 pro
321 2587 489 2674 Christe),
527 2605 638 2682 prout
665 2585 821 2680 sequitur
845 2580 906 2674 ωε
930 2596 1009 2680 Qui

87 2727 214 2798 patrem
242 2726 298 2776 out
325 2728 454 2776 matrem
474 2713 550 2795 plut
565 2725 670 2796 'quom
698 2729 764 2790 me,
798 2725 857 2773 non
886 2725 932 2775 est
959 2730 1008 2777 me

78 2852 100 2895 s.
150 2832 207 2893 ‘Et
231 2833 286 2914 qui
308 2843 398 2894 amat
411 2827 516 2907 filium
541 2843 599 2892 aut
618 2827 829 2909 filiumsoper
851 2850 920 2908 me,
946 2849 1008 2894 nort

78 2964 102 3012 re
129 2949 247 3024 dignus.
314 2948 357 3011 Et
383 2950 439 3029 qui
465 2965 524 3008 non
551 2948 667 3026 accipit
690 2963 806 3007 crucem
821 2943 942 3024 soom,
977 2939 1009 3011 τὲ

78 3085 119 3127 ur
142 3085 209 3143 me,
237 3077 364 3127 nonest
387 3082 434 3127 mc
455 3042 572 3141 dignun
626 3050 718 3146 Quis
744 3072 797 3124 est
823 3074 1007 3143 nostrum3

78 3198 119 3246 ue
138 3172 240 3245 etiam
263 3171 411 3244 aliorum
434 3170 566 3245 Christi
586 3169 841 3266 discipulorum
860 3195 901 3271 ac
923 3196 1010 3266 apo·

78 3316 178 3378 rum,
205 3289 262 3361 cui
283 3288 426 3384 gravior
449 3313 538 3360 crux
561 3288 729 3385 imposita
751 3285 872 3372 luerit,
899 3313 1009 3382 quam
1053 3302 1056 3307 '

78 3426 130 3480 sto
149 3406 234 3503 ipsi,
255 3405 412 3502 quisquis
430 3430 496 3501 pro
515 3401 596 3493 illo,
616 3406 705 3478 licut
721 3403 779 3475 ille
796 3429 867 3499 pro
883 3403 1008 3494 nobis,

78 3551 90 3595 1
120 3524 216 3596 luam
243 3523 402 3609 dederit3
430 3522 490 3594 ille
518 3543 587 3619 pro
615 3521 720 3595 nobis
744 3520 912 3609 inimicis,
939 3506 1015 3597 nos*

78 3643 149 3729 llo,
167 3664 247 3715 cum
265 3640 328 3713 illo
347 3639 575 3722 resurrecturi
593 3637 757 3712 invitam
775 3657 939 3712 aeternam
955 3636 1008 3732 c):

78 3772 184 3832 nocuit
196 3766 437 3846 arrimomfuom
447 3815 457 3845 ,
469 3767 581 3848 perdet
593 3765 704 3827 illurn.-
725 3777 756 3828 et
772 3769 826 3850 qui
836 3767 1011 3851 perdiderit

78 3905 121 3948 rm
135 3884 234 3966 suam
253 3896 384 3968 propter
409 3904 476 3963 ore,
503 3886 640 3953 inveniet
661 3901 739 3947 eum.

78 4021 181 4086 Massi.
203 4023 239 4087 il
263 4036 307 4098 2⁴·
396 4020 558 4103 i)1b.ay.
647 4022 677 4105 e)
699 4025 738 4089 lt.
761 4036 806 4124 82·
902 3987 904 3990 >
1021 3934 1208 4292 Γ
