2460 4560
484 317 717 375 Ε

1037 350 1106 418 Ι77

84 480 241 546 xhibebit
263 482 339 545 milri
360 482 449 546 modo
468 482 636 564 plusquam
658 483 814 546 duodecim
837 483 964 560 legiones
989 487 1109 564 angeio·-
1198 454 1201 460 i

83 602 184 663 ¹um?
230 601 387 684 ,Quomodo
421 618 490 675 ergo
525 601 728 680 implebuntur
746 600 929 681 scripture,
964 607 1039 684 quio
1059 602 1106 682 stc

83 728 207 800 ›porret
220 716 321 793 fieri?
346 704 385 797 a)
424 707 523 778 ldem
551 705 708 778 debitum
729 707 791 778 fibi
812 708 994 803 unigenito
1015 710 1106 784 Filio
1158 776 1161 780 t

82 824 156 896 Dei
177 827 386 919 angelorum
406 822 634 894 ministerium
651 824 826 919 spectant,-
843 849 921 920 quae
942 825 1105 900 Christus

82 942 269 1038 respondit
289 941 403 1031 Bilato
425 939 673 1033 interroganti,
702 966 744 1010 an
771 962 860 1012 esset
883 967 947 1013 rex
968 942 1109 1016 Judaeo·

82 1055 254 1147 rum<b)‘?
281 1056 521 1153 „Respondit
546 1056 662 1128 Jesus:
690 1055 860 1151 Regnum
886 1085 1003 1130 meum
1029 1086 1106 1135 non

81 1196 133 1249 est
163 1175 211 1246 de
237 1174 307 1246 hoc
330 1175 478 1247 mundo.
532 1173 566 1244 Si
592 1199 637 1245 ex
662 1172 733 1244 hoc
753 1174 891 1245 mundo
920 1193 1010 1247 esset
1030 1201 1107 1271 reg-

81 1308 170 1375 num
198 1317 335 1377 meum,
368 1289 517 1362 ministri
547 1290 616 1361 mei
644 1290 764 1385 utique
795 1292 1038 1379 decertarent,
1065 1313 1107 1409 tre

80 1432 159 1479 non
185 1407 340 1479 traderer
365 1407 517 1480 Judaeis:
547 1432 642 1478 nunc
667 1426 784 1478 autem
811 1421 959 1503 regnum
985 1435 1106 1510 meum

80 1551 159 1596 non
184 1544 237 1595 est
254 1523 347 1596 hinc.
401 1522 506 1596 Dixit
526 1524 644 1619 itaque
666 1524 715 1594 itti
739 1524 890 1596 Pilatus:
917 1525 1017 1620 Ergo
1040 1552 1106 1601 rex

80 1667 120 1713 es
151 1641 217 1713 tu?
244 1639 448 1737 Respondit
477 1641 593 1713 Jesus:
623 1640 687 1710 Tu
709 1640 815 1726 dicis,
842 1641 924 1735 quia
944 1667 1007 1713 rex
1029 1644 1105 1716 sum

81 1783 166 1852 ego,
218 1756 301 1852 Ego
326 1756 364 1826 in
388 1758 458 1829 hoc
484 1777 584 1827 natus
611 1757 707 1841 sum,
735 1776 770 1827 et
797 1757 842 1826 ad
865 1757 935 1828 hoc
958 1757 1043 1828 veni
1066 1757 1105 1828 in

81 1872 281 1960 mundum,
299 1893 341 1947 .ut
359 1873 597 1944 testimonium
616 1871 818 1968 perhibeam
840 1872 996 1945 veritatir
1020 1872 1109 1947 om·-
1129 1879 1132 1882 ⁴

83 1988 160 2078 nis,
188 1989 250 2085 qui
273 2009 389 2062 estex
406 1989 572 2077 veritate,
599 1989 698 2082 audit
718 2015 844 2063 vocem
870 2015 997 2061 meamt
1010 1991 1031 2023 “

98 2309 101 2319 1
160 2223 240 2296 Etsi
267 2236 355 2296 vero
382 2212 512 2297 Pilatus
543 2242 582 2296 ex
614 2237 749 2297 veritate
779 2235 854 2295 n'on
885 2242 999 2311 esset,
1037 2240 1112 2299 nee'.

86 2351 233 2432 quidest
260 2353 397 2426 veritas,
428 2341 556 2412 'audire
584 2341 704 2413 abiens
738 2344 867 2427 vellet,
902 2356 1107 2415 constante?

88 2455 311 2528 tamenhuic
336 2457 474 2529 inhaesit
499 2459 543 2528 de
572 2457 715 2529 Christo
741 2483 824 2551 rege
850 2457 998 2529 veritati.
1057 2459 1114 2538 Et',

91 2572 175 2644 dum
205 2572 317 2644 Judoei
348 2577 492 2645 alterum
520 2594 628 2670 caput
656 2572 886 2644 accusationis
915 2556 1108 2668 arriperent

92 2687 247 2761 dicentes
270 2686 323 2778 c):
363 2701 424 2760 Nos
447 2700 539 2775 legem
566 2700 732 2773 uouemus,
768 2711 798 2760 et
816 2697 986 2775 secundum
1014 2700 1108 2775 Iegem

92 2814 174 2877 debet
190 2817 270 2876 mori
281 2861 290 2891 ,
313 2818 389 2897 quia
409 2816 521 2875 Filium
542 2815 600 2876 Dei
620 2815 752 2894 refecit.
790 2816 862 2876 Cum
881 2834 950 2891 ergo
971 2817 1111 2878 audisset

93 2929 212 2993 Pilatus
233 2932 313 2992 liunt
323 2931 513 3008 sermonem,
534 2935 633 3006 magis
655 2934 781 2992 timuit:
804 2903 921 3017 neque
939 2949 1027 2994 vero
1048 2922 1119 2996 hic'-

94 3038 278 3112 averitate
301 3039 433 3110 alienus
460 3058 532 3111 erat
558 3037 689 3111 Pilatus
714 3039 798 3110 ficut
821 3039 982 3135 princeps
1000 3024 1111 3111 sacer=
1183 3060 1188 3069 ‘

93 3153 239 3241 dotum,
277 3154 458 3226 Christum
489 3166 701 3227 asseverans*
728 3156 997 3250 blasphemare,
1033 3156 1110 3252 ipse

92 3269 335 3368 blasphemus,
363 3271 526 3376 adiurans
548 3272 644 3344 illum
666 3299 728 3369 per
749 3272 872 3344 Deum
892 3271 1034 3357 vivum,
1062 3294 1109 3360 ur5

91 3387 140 3461 ait
158 3385 217 3478 d),
245 3399 330 3459 dicos
353 3399 456 3475 uobis,
478 3401 505 3458 si
527 3411 562 3459 tu
586 3418 617 3460 er
645 3401 779 3460 Christus
801 3399 897 3459 Filius
921 3396 989 3459 De'i.
1024 3397 1112 3462 Dicit

88 3515 137 3578 iu·
170 3515 288 3586 Jerus:
333 3514 378 3574 Tu
408 3515 540 3591 dixisti,
577 3530 656 3601 quae
695 3524 747 3576 est
776 3502 976 3576 affirmantis
1006 3520 1111 3595 vox;

88 3621 189 3697 unde
215 3640 251 3694 et
274 3621 394 3693 addit:
433 3633 644 3694 Verumtamen
665 3632 733 3692 dico
757 3631 862 3706 vobis,
890 3623 999 3690 amodo
1028 3628 1114 3696 vide·

87 3750 163 3814 ouis
187 3748 302 3810 Filium
320 3748 451 3810 hominis
465 3747 623 3827 sedentem
649 3765 670 3808 o
691 3748 810 3810 dextris
827 3749 957 3810 uirtutis
978 3747 1038 3811 Dei
1045 3796 1069 3826 ,.
1083 3762 1114 3813 et

131 3902 166 3982 a)
184 3904 236 3965 rsa.
258 3904 339 3967 trie.
365 3921 406 3960 ιο.
470 3904 500 3970 u
520 3903 566 3972 Jo.
587 3903 710 3968 xum.-
727 3909 775 3976 an
839 3905 869 3981 e)
890 3905 929 3967 rr.-
950 3876 1049 3968 ium
1068 3918 1112 3975 ιι.

181 3980 212 4062 d)
231 3989 332 4046 Maru.
352 3980 462 4051 XXVI.
482 3993 526 4058 63.

139 4085 183 4162 T
186 4108 258 4162 ont.
285 4087 313 4160 Ι.
676 4073 729 4164 Μ
