2460 4560
102 482 228 580 Ostur
316 485 373 557 En
392 479 545 556 medium
566 481 657 554 inter
680 480 745 554 tria
769 480 938 578 mysteria
961 479 1122 557 clamoiis-

131 602 182 656 lx.
249 629 269 675 a
292 601 395 682 nobis
417 599 485 671 iam
508 601 611 694 supra
632 625 678 670 ex
705 597 738 671 S.
764 597 904 694 Ignatio
926 599 990 672 M.
1022 627 1119 673 mem·

96 713 382 800 “V‘'morata
409 713 467 808 a),
495 743 557 808 que
587 728 620 786 in
640 721 764 800 filentio
793 724 853 787 Dei
867 720 1018 806 'patrata
1036 726 1118 806 sum.

248 836 343 922 Jaeet
380 833 507 930 pannis
539 832 719 912 involutus
751 830 788 906 in
823 833 1006 929 praesepio
1045 834 1117 905 elin·

244 951 322 1046 guis
347 950 472 1031 inians.
523 950 591 1021 Eat
616 947 684 1018 iam
708 945 910 1047 Dionysius
937 948 1117 1046 Longinus

192 1086 195 1096 ’
246 1046 403 1146 domin
432 1067 523 1140 libro
554 1066 598 1135 de
627 1062 766 1144 sublimi
800 1089 828 1136 c.
856 1088 891 1151 7.
966 1066 1116 1152 „Aiacis

177 1231 186 1278 3
245 1184 284 1257 in
306 1183 431 1279 Necya
454 1181 624 1254 silentium
649 1206 817 1275 magnum
841 1199 875 1253 et
898 1183 1028 1278 quavis
1050 1209 1116 1255 ora·

245 1302 344 1375 tione
373 1297 553 1373 sublimius
589 1297 771 1373 extollit.“
834 1296 937 1389 Quid
966 1301 1041 1371 hoc
1076 1299 1114 1371 ad

142 1468 144 1475 ι
243 1417 449 1514 mysterium
491 1434 650 1493 nostrum
694 1412 854 1487 clamoris
899 1415 938 1484 in
983 1416 1114 1488 fitentio

133 1526 135 1531 ’
243 1532 319 1613 Det
345 1552 534 1628 patratum,
564 1531 649 1603 dum
676 1529 779 1602 nobis
805 1529 934 1604 fistitur
956 1531 1114 1606 Verbum

245 1649 466 1730 incarnatum
486 1647 601 1727 fa'sciis
619 1647 824 1723 involutum'
837 1648 1025 1746 lacrymis,
1047 1676 1113 1722 non

244 1792 357 1854 voce,
384 1791 453 1862 qua
474 1765 589 1841 adhuc
612 1762 751 1839 divinus
771 1763 876 1864 pusio
904 1785 1023 1851 caret,
1045 1791 1111 1836 non

191 1902 194 1907 ·
244 1885 321 1955 luas
344 1882 526 1958 imbecillis
550 1879 769 1977 corpusculi,
803 1879 865 1950 sed
885 1900 1026 1952 nostras
1046 1886 1113 1979 plo·

243 2025 324 2075 rans
363 1999 486 2074 animae
526 1996 707 2081 miserias,
749 1995 833 2069 dum
869 2017 980 2069 mater
1011 1999 1113 2093 'virgo

243 2112 366 2184 Deum
410 2134 444 2185 et
486 2112 680 2191 Hominem
722 2111 861 2216 peperit
898 2113 1109 2188 Emanuel:

246 2239 406 2300 Nobiscum
432 2238 525 2308 Deus,
752 2239 758 2256 ‘
1074 2254 1077 2261 ’

319 2461 455 2554 Quidni
489 2487 569 2542 cum
608 2460 640 2532 S.
676 2461 805 2535 Proelo
834 2459 872 2553 b)
904 2461 943 2534 in
973 2465 1108 2537 laudern

243 2578 408 2685 parientis
436 2577 581 2674 virginis
613 2604 856 2675 erumpamus:
901 2581 1124 2665 „Omnium

240 2697 338 2782 vice,
367 2721 443 2791 quae
472 2695 521 2767 tui
545 2696 725 2791 praeconio
750 2696 817 2767 diei
837 2718 993 2792 queunt,
1023 2723 1106 2769 unus

242 2813 304 2895 tibi
331 2813 503 2915 propheta
532 2811 674 2883 abunde
704 2813 745 2883 stt
775 2814 819 2884 ad
849 2814 966 2886 laudis
995 2840 1107 2887 cumu-

237 2932 331 3014 lum,
360 2952 429 3023 qua
453 2930 593 3005 clamat:
622 2938 697 3000 Ecce
715 2942 804 3014 uirgo
821 2939 945 3001 babebit
965 2943 997 3000 in
1016 2955 1106 3002 utero.

237 3045 455 3125 Miraculum
484 3044 592 3128 dixit,
626 3046 686 3116 sed
708 3045 853 3122 modum
877 3045 1028 3119 reticuit.
1071 3057 1106 3118 Et

229 3172 337 3252 parier
352 3167 477 3244 flliumr
512 3159 715 3260 praedicavit
744 3182 902 3262 partum,
932 3188 1000 3235 nec
1016 3167 1106 3234 rela-

204 3350 205 3353 ,
235 3276 369 3354 tionem
394 3275 611 3356 adulteravit,
673 3288 715 3349 Et
739 3290 893 3355 vocabunt
917 3308 1026 3351 nomen
1048 3293 1106 3352 eius

235 3403 401 3465 Emanuel:
427 3393 646 3500 Mysterium
666 3397 830 3491 protulit,
852 3398 991 3490 altaque
1010 3399 1104 3468 velut

233 3508 392 3582 tonutrui
417 3535 507 3585 voce
538 3513 812 3607 appellationem
844 3509 978 3582 edixit:
1019 3522 1105 3605 Quod

230 3638 436 3720 interpreteris
464 3638 627 3716 Nobiscum
660 3638 752 3709 Deus.
812 3627 942 3700 Natam
966 3634 1105 3724 prolem

271 3825 302 3896 a)
319 3827 462 3981 gpzsgmp
482 3830 584 3972 illibi}
597 3845 764 3975 nljddib'ibl.
789 3912 822 3973 P.
847 3911 881 3973 1³.
904 3913 941 3973 erl„
966 3915 1028 3970 κου’.
1060 3912 1105 3971 Ve-

316 3999 385 4051 κείω,
408 4006 434 4061 p·
458 3997 516 4060 631.
