2460 4560
562 383 794 397 „m

169 377 242 438 114

166 502 231 575 luit
255 501 299 572 de
326 494 504 596 discipulis
526 496 614 584 suis,
642 493 775 572 dicenti
801 488 865 585 a):
893 503 1026 570 Domine
1045 511 1193 590 permitte

167 649 213 690 me
234 628 450 708 primamne,
478 637 508 686 ct
519 622 652 704 stpeIire
669 634 794 702 putrem
814 641 924 685 meum.
974 617 1066 695 Jesu's
1091 641 1193 692 autem

166 749 215 807 uit
240 744 315 803 illi:
354 742 482 824 Sequere
507 761 571 818 mc,
599 751 630 803 rt
648 741 779 801 ¹dimitte
805 752 942 802 mortuos
961 739 1094 823 stpeIire
1116 763 1191 806 mor.

164 856 235 924 tuos
250 859 338 939 suos.
404 849 447 919 Id
477 849 576 944 quod
609 848 792 919 carnaliter
821 831 1041 943 sapientibus
1072 851 1190 925 durius

164 969 323 1051 videtur,
350 985 390 1037 ut
408 965 496 1037 illud
514 965 774 1060 indulgentius,
798 964 897 1059 quod
919 967 1109 1062 respondit
1129 969 1189 1040 dis·

164 1084 287 1182 cipulis
315 1082 460 1154 loannis
491 1080 549 1172 t),
589 1081 683 1176 „qui
712 1087 936 1153 accesserunt
961 1083 1008 1153 ad
1034 1107 1117 1157 eum
1143 1085 1188 1157 di·

163 1220 305 1276 centes:
346 1200 469 1292 Quare
500 1224 590 1285 nos,
633 1219 667 1270 et
691 1198 864 1271 „Pharisaei
901 1198 1100 1275 ieiunamus
1129 1205 1188 1276 fre·

163 1338 333 1415 quenter,
360 1316 522 1412 discipuli
550 1335 666 1387 autem
691 1316 741 1387 tui
763 1343 837 1387 non
862 1315 1051 1390 ieiunant?
1077 1320 1126 1392 Et
1145 1321 1188 1392 ait

162 1435 230 1507 illis
258 1434 379 1506 lesus:
425 1420 603 1528 quuid
629 1453 782 1528 possunt
807 1432 868 1503 filii
894 1433 1019 1528 sponsi
1047 1438 1185 1532 lugere,

162 1550 334 1650 quamdin
365 1549 537 1622 cumillis
574 1570 625 1620 est
654 1550 844 1644 sponsus?
878 1548 1040 1624 Venient
1070 1573 1186 1626 autem

164 1669 259 1756 dies,
285 1693 367 1740 cum
390 1669 564 1766 auferetur
590 1668 635 1738 ab
663 1667 711 1739 eis
735 1669 910 1762 sponsuS,
938 1688 974 1740 et
996 1677 1085 1743 tunc
1109 1669 1186 1741 ieiu·

164 1784 312 1860 nabunt.
365 1783 486 1856 Nemo
512 1805 627 1856 autem
650 1776 809 1855 immittit¹
826 1782 1058 1856 comissnram
1082 1784 1187 1883 panni

164 1886 261 1976 rudis
285 1902 322 1972 in
343 1892 594 1973 vestimentum
617 1921 740 1972 vetus:
770 1898 862 1971 tollit
882 1899 976 1971 enim
998 1889 1187 1998 plenitudi·

164 2041 247 2092 nem
269 2018 341 2090 eius
363 2044 383 2087 a
403 2019 634 2104 vestimento,
664 2039 700 2088 et
721 2015 822 2112 peior
847 2017 993 2090 scissura
1013 2019 1064 2091 fit.
1119 2020 1188 2090 Ne·

162 2152 233 2234 que
260 2133 404 2205 mittunt
424 2135 547 2204 vinum
573 2159 708 2204 novum
733 2133 769 2203 in
795 2153 890 2205 utres
915 2155 1078 2207 veteres:
1108 2139 1189 2208 alio·

162 2253 250 2349 quin
286 2267 497 2345 rumpuntur
530 2270 644 2335 utres,
683 2270 718 2322 et
747 2250 872 2321 vinum
906 2250 1123 2340 effunditur,
1157 2272 1206 2325 et·

162 2382 257 2442 utres
279 2384 438 2463 pereunt.
491 2365 559 2436 Sed
581 2365 705 2437 vinum
731 2393 866 2439 novum
888 2367 924 2437 in
946 2373 1047 2442 'utres
1070 2395 1187 2443 novos

161 2485 325 2569 mittunt,
352 2503 387 2554 et
413 2483 519 2553 ambo
548 2502 814 2566 conservantur.
826 2487 848 2520 ‘⁶
898 2484 999 2557 Nihil
1025 2487 1187 2584 apposite

160 2601 271 2697 magis
291 2596 335 2672 ad
358 2599 550 2695 discipulos
571 2600 602 2672 S.
623 2601 765 2672 loannis
784 2601 1012 2696 praecursoris
1036 2603 1190 2677 Domini

162 2719 231 2790 dici
262 2717 397 2814 potuit,
432 2716 650 2813 inducique,
691 2744 796 2813 quam
835 2717 1027 2790 similitudo
1060 2720 1121 2806 illa
1157 2740 1191 2794 ct

160 2833 400 2930 comparatio,
423 2853 530 2928 quam
557 2835 630 2929 ipse
656 2833 687 2906 S.
713 2834 867 2905 loannes
895 2834 1078 2923 adhibuit,
1109 2862 1190 2910 cum

74 2957 76 2961 ⁴
160 2976 198 3025 se
230 2971 303 3023 non
344 2976 420 3020 esse
453 2950 635 3021 Christum
666 2951 915 3045 profiteretur,
949 2952 1012 3022 sed
1042 2953 1189 3028 missum

161 3088 242 3141 ante
270 3068 368 3138 illum
398 3063 452 3154 c):
487 3076 548 3158 Qut
570 3075 662 3135 habet
681 3074 856 3155 sponsum,
891 3054 1026 3163 in'quit,
1053 3079 1189 3160 sponsus

76 3268 79 3273 ¹
160 3207 223 3257 est:
251 3197 368 3254 amicus
389 3206 491 3254 autem
501 3190 629 3272 sponsi,
656 3195 710 3273 qui
721 3190 811 3270 stat,
834 3205 864 3255 et
886 3193 977 3254 audit
997 3203 1087 3274 eum,
1112 3216 1189 3273 gau-

131 3379 134 3385 .
161 3312 213 3374 slio
237 3311 355 3387 ‘gaudet
377 3318 509 3391 propter
537 3326 642 3368 norem
659 3306 779 3390 spiomi.
846 3309 911 3370 Hoc
938 3325 1007 3386 ergo
1036 3313 1189 3388 gaudium

160 3434 260 3490 mrum
283 3422 449 3524 impletum
467 3437 521 3487 tsr.
576 3425 665 3486 Illum
692 3437 813 3508 oportet
838 3422 983 3502 crescere,
1010 3444 1059 3489 me
1082 3440 1189 3491 autem

160 3545 268 3606 minui.
338 3532 452 3637 (ζωῷ
476 3533 703 3621 vero'dicit‘,
738 3533 919 3638 Christum
945 3534 1078 3607 debere
1102 3562 1190 3610 cres·

160 3656 264 3736 sere,
303 3674 340 3720 se
371 3670 490 3721 autem
517 3649 652 3736 minui,
690 3650 845 3745 pertinet
876 3651 921 3721 ad
952 3653 1189 3747 comparatio·

161 3751 375 3853 heminam,
404 3753 509 3863 uuam
537 3766 698 3838 Christus
721 3767 804 3838 facit
828 3767 872 3838 de
898 3787 1021 3863 panno
1047 3789 1083 3842 et
1100 3769 1187 3841 vino

161 3885 272 3961 veteri
303 3906 338 3956 et
363 3906 487 3956 novo:
528 3909 609 3958 cum
641 3885 674 3956 S.
701 3884 855 3958 loannes
887 3883 1049 3980 Baptista
1078 3881 1187 3960 veluti

204 4038 235 4113 a)
256 4037 357 4093 Matri.
383 4034 465 4094 rur.
490 4007 540 4094 21.'·
624 4037 652 4109 i)
675 4035 714 4105 n.
736 4034 789 4092 m.
812 4051 853 4104 ιη.
939 4035 972 4114 a)
992 4034 1035 4102 Jo.
1062 4035 1121 4100 ιιι.
1143 4050 1182 4105 29.

61 4186 200 4280 ι.
