2460 4560
1067 385 1136 450 103
1214 431 1217 436 ,

112 511 189 584 dere
217 508 398 598 inculcat,
445 509 531 582 dum
552 513 674 608 potius
705 514 893 600 iubemur,
926 511 1137 610 percutienti

110 629 287 700 maxillam
327 629 509 700 dexteram
545 631 706 726 praebere
741 634 886 703 alteram
923 644 989 704 etc.
1029 655 1137 724 quam

108 745 220 817 vicem
244 745 468 841 rependere,
504 766 565 817 aut
590 747 724 819 ulcisci.
787 746 868 818 Nec
894 772 982 820 vero
1009 747 1138 850 bypen-

106 860 266 934 bolicum
294 881 364 950 est,
392 888 468 934 non
492 862 711 934 contendere
735 863 955 950 lacessitum,
983 862 1137 957 angaria·
1225 922 1227 932 ,

104 996 178 1050 tum
202 1003 318 1049 unum
341 977 487 1059 milliare
505 979 639 1051 vadere
661 980 753 1064 du0,
782 978 996 1075 percutienti
1018 978 1140 1050 maxil-

103 1097 173 1179 lam
193 1095 377 1190 praebere,
399 1122 481 1168 curn
499 1099 661 1192 exempla
678 1115 738 1168 aut
756 1096 898 1168 occasio
916 1096 1039 1169 adesse
1056 1121 1139 1192 pos·

104 1210 196 1298 sint,
213 1211 259 1282 ad
272 1174 409 1283 literam
421 1213 466 1285 sic
476 1239 512 1284 se
524 1213 698 1307 patienter
711 1213 859 1308 gerendi
871 1239 951 1286 cum
971 1213 1136 1285 Christo:

103 1327 163 1422 qui
190 1327 281 1398 dum
304 1330 465 1401 Malcho
489 1333 631 1401 alteram
658 1330 837 1401 maxillam
864 1356 940 1402 non
965 1330 1136 1425 praebuit,

103 1442 141 1515 in
165 1470 213 1514 eo
238 1463 472 1573 tmrQunc
499 1465 594 1532 erat,
621 1465 661 1519 ut
687 1448 832 1521 dorsum
853 1447 1138 1542 flagellantibus,
1196 1456 1199 1465 “

105 1580 215 1656 caput
244 1565 421 1635 coronarit
451 1563 608 1660 spineam
645 1552 894 1651 nectentibus,
941 1589 1067 1636 manus
1104 1582 1140 1635 et

104 1677 216 1772 pedes
241 1680 531 1778 crucifigentibus
558 1679 752 1774 praeberet,
781 1699 886 1774 atque
913 1679 990 1750 hacc
1018 1679 1139 1750 omnia

106 1795 150 1865 ab
172 1793 327 1868 inimicis
349 1824 417 1895 pro
441 1795 546 1874 nobis
566 1794 715 1879 inimicis
737 1814 937 1902 pateretur,
966 1813 1001 1866 et
1026 1817 1139 1866 more·

104 1929 201 1984 retur
230 1939 269 1983 rn
295 1938 412 1996 cruce.

182 2147 233 2219 Et
257 2149 304 2226 sro
329 2147 475 2244 quidem
497 2147 735 2235 instituimur,
772 2147 859 2245 quid
885 2176 951 2222 nos
983 2146 1137 2238 exterius

103 2263 222 2336 lacere
251 2292 291 2337 ac
314 2267 481 2338 sustinere
507 2292 599 2362 opor
602 2284 689 2353 t,eat
716 2265 753 2336 id
788 2292 878 2341 vero
904 2268 1004 2361 quod
1026 2265 1138 2360 lequi-

102 2397 184 2466 tur,
216 2381 373 2453 animum
405 2381 540 2454 simul
530 2382 652 2454 intime
677 2381 784 2453 afficit
809 2377 884 2472 a)?
923 2433 945 2469 „
957 2381 1135 2467 Audistis,
1201 2460 1204 2465 ,

99 2496 191 2590 quia
213 2498 348 2570 dictum
370 2518 439 2572 est.
468 2498 607 2593 Diliges
629 2499 834 2594 proximum
856 2518 975 2583 tuum,
995 2518 1030 2569 et
1050 2496 1137 2568 odio

99 2612 259 2684 habebis
278 2613 457 2686 inimicum
486 2624 597 2688 tuu'in.
647 2615 729 2710 Ego
757 2637 875 2686 autem
900 2616 982 2685 dico
1012 2612 1136 2686 vobis:
1226 2668 1228 2672 ³

100 2725 260 2824 Diligite
288 2729 450 2803 inimicos
483 2751 645 2818 vestros,
684 2750 719 2802 et
744 2730 940 2802 benefacite
964 2729 1041 2817 his,
1077 2728 1138 2825 qui

99 2845 265 2917 oderunt
277 2872 363 2918 vos:
386 2866 420 2918 et
434 2868 531 2921 orate
545 2873 612 2944 pro
625 2849 942 2943 persequentibus,
963 2867 998 2919 et
1010 2849 1139 2918 calum·
1157 2857 1160 2864 '

100 2961 287 3034 ulantibus
317 2989 406 3035 vos:
447 2984 488 3034 ut
517 2964 586 3036 fitis
618 2964 678 3037 lilii
710 2964 820 3036 Patris
846 2962 974 3048 vestri,
1010 2961 1070 3056 qui
1098 2962 1135 3030 in

100 3079 204 3151 erclis
232 3098 304 3150 est:
334 3079 394 3173 qui
420 3081 529 3151 solem
551 3082 651 3168 suum
674 3082 756 3153 oriri
783 3082 865 3154 lacit
890 3082 993 3175 super
1017 3077 1135 3148 bonos

100 3214 139 3266 et
165 3197 298 3282 malos,
327 3216 361 3267 et
384 3195 474 3292 pluit
491 3198 596 3294 super
613 3198 724 3271 iustos
748 3219 782 3270 et
803 3197 1001 3268 iniustos.·“
1037 3191 1137 3283 Quid

98 3307 218 3406 magis
248 3337 468 3408 repugnare,
494 3341 546 3386 ac
578 3313 651 3386 vim
676 3312 786 3387 veluti
822 3295 1050 3408 ipsi'naturae
1086 3306 1138 3377 in·

96 3429 197 3505 fferre
221 3427 385 3514 videtur,
422 3455 530 3524 quam
555 3432 630 3500 haec
661 3449 758 3500 tanta
780 3426 1005 3505 inimicorum
1033 3424 1138 3496 dilec-

93 3544 185 3615 etio?
214 3544 315 3635 Quid
337 3571 425 3619 vero
453 3547 498 3617 ad
533 3545 758 3616 dilectionem
782 3543 874 3613 hanc
897 3567 917 3611 a
945 3538 1051 3613 nobis·
1075 3528 1137 3614 obl

94 3661 311 3747 tinendam,
338 3688 414 3732 non
440 3661 722 3756 extorquendam
744 3658 845 3743 dico,
874 3657 935 3729 sed
961 3658 1070 3730 amice
1095 3683 1135 3729 ac
1210 3738 1212 3743 ‚

95 3776 257 3855 {naviter
279 3778 559 3864 conciliandam,
589 3804 723 3873 corque
743 3776 934 3848 tenerrimo
954 3776 1136 3847 emollien-

97 3892 191 3964 dum
231 3893 361 3966 affectu
395 3895 710 3968 accommodatius
738 3919 815 3966 esse
845 3895 983 3994 potuit,
1028 3915 1133 3983 quarn
1191 3945 1199 3954 .

142 4042 301 4120 u.)Mutth
330 4045 363 4107 V,
378 4057 435 4115 ,,43
502 4112 506 4119 ι
