2460 4560
356 367 587 382 Q

836 347 910 420 335
980 426 984 431 ,

67 511 69 525 ·
79 481 254 568 funiculis,
273 504 375 549 omnes
392 489 481 549 eiecit
497 487 534 549 de
551 485 680 570 templo,
698 498 778 551 vovet
794 507 914 573 quoque
942 473 1055 539 clm

80 608 190 682 boves,
217 617 248 666 et
270 605 520 685 numulariorum¹
533 621 570 665 os
590 601 722 683 effudit,
745 617 776 668 et
795 624 912 669 mensos
941 590 1050 649 ΧΧῙΠ·

67 725 169 799 ertit,
204 733 236 782 et
257 721 334 797 liis,
355 722 410 803 qui
434 720 587 781 columbos
607 722 779 784 vendebant
800 724 885 785 dixit
904 708 1065 783 :VW

67 839 163 916 inserte
180 841 244 899 isto
268 837 356 912 irinc,
380 848 412 898 et
431 836 525 899 nolite
536 835 645 915 facere
664 839 788 901 domum
808 837 915 901 Patris

67 957 115 1031 ei,
143 954 266 1015 domum
293 954 518 1028 negotiationis.
580 943 713 1031 Judael,
748 944 810 1040 qui
833 972 914 1019 nec·-

67 1088 137 1147 rm,
163 1082 203 1133 ut
222 1058 383 1145 videtur,
410 1058 618 1131 miraculum
640 1085 660 1132 a
679 1059 825 1134 Christo
842 1063 911 1135 lac·

72 1205 107 1248 m
129 1176 167 1248 in
192 1176 294 1248 Cana
312 1161 465 1247 Galilaeae
483 1176 751 1264 intellexerant,
774 1176 914 1273 signum

67 1294 96 1366 ri
117 1294 259 1366 ostendi
281 1291 470 1389 petebant,
497 1318 560 1384 cur
582 1294 676 1382 hac,
702 1317 779 1390 quae
799 1294 912 1366 m'odo

71 1410 241 1495 tulimus,
278 1409 434 1494 laceret3
471 1412 740 1505 retuleruntque
770 1435 915 1509 respone

67 1552 169 1598 onem
193 1549 381 1622 praesagam
409 1551 553 1614 eorum,
592 1552 672 1622 quae
700 1547 816 1601 essent
846 1527 913 1625 ipsi

96 1642 276 1715 Christum
302 1642 562 1740 perpetraturi·
610 1642 659 1713 Et
687 1643 770 1714 saue
792 1666 913 1716 coram

70 1761 151 1833 dice
180 1779 287 1856 caput
321 1760 392 1831 hoc
422 1758 488 1830 luit
518 1757 751 1831 accusationis
787 1779 913 1832 contra

68 1903 151 1951 sum
188 1876 288 1948 ‘dicto
327 1894 421 1947 certe
456 1872 621 1970 singulari
664 1899 705 1947 ac
736 1873 911 1947 mirabili:

68 2008 91 2065 ic
122 2005 231 2066 dixit.-
267 2001 394 2062 Possum
416 2001 568 2063 destruere
596 2002 742 2082 templum
767 2000 848 2079 Dei,
882 2006 915 2065 et

68 2132 102 2184 ut
123 2121 261 2184 triduum
283 2116 462 2194 reedificare
479 2117 574 2195 illud,
601 2106 812 2206 accipientes
839 2128 916 2183 rem

68 2251 81 2299 e
117 2224 447 2325 Hierpsolymitano
486 2227 619 2324 templo
658 2226 751 2315 luo,
789 2224 914 2322 utique

68 2368 109 2416 >n
141 2345 256 2415 m'ulto
288 2362 374 2438 post
404 2361 566 2439 ternpore
600 2367 621 2414 a
651 2340 738 2415 Deo
771 2343 915 2419 vindice

68 2484 116 2531 mr
134 2460 223 2531 urbe
244 2458 478 2545 destruendo;
501 2483 581 2530 cum
605 2457 768 2533 Christus
787 2464 913 2556 loque·

68 2597 130 2649 *tur
156 2576 201 2647 de
219 2577 367 2673 ‘templo
393 2573 551 2671 corporis
572 2573 646 2660 sui,
670 2575 770 2670 quod
797 2579 912 2649 multo

70 2693 179 2765 eliore
210 2691 285 2765 iure
317 2690 497 2764 dicebatur
526 2693 698 2787 templum
727 2689 828 2783 Dei,
860 2711 914 2765 ut·

68 2829 122 2882 rte
140 2809 176 2879 in
197 2835 270 2904 quo
291 2806 411 2879 omnis
431 2805 619 2904 plenitudo
643 2806 839 2880 divinitatis
859 2807 912 2879 in·

68 2924 216 2998 rbitabat
252 2923 512 3022 corporaliter,
555 2949 622 2998 nec
658 2923 911 3022 temporarium

70 3043 94 3114 d
118 3062 286 3114 aeternum
309 3043 371 3114 fibi
391 3046 544 3139 elegerat
564 3041 824 3130 habitaculum,
851 3037 912 3115 dec

68 3180 204 3233 ructum
222 3158 366 3254 quidem
387 3158 554 3231 aludaeis
573 3160 619 3232 ad
639 3180 708 3233 tres
726 3160 805 3233 illos
823 3160 911 3246 dies,

69 3275 304 3374 :praedixerat
324 3273 505 3362 Christos,
530 3276 591 3346 led
612 3276 757 3371 propria
771 3276 915 3362 virtute,

69 3392 136 3465 rod
160 3391 303 3463 nonnisi
327 3389 458 3466 divinae
485 3408 559 3462 erat
583 3390 776 3488 potentiae,
804 3417 917 3464 resus⁴

69 3527 198 3596 tatum,
234 3528 274 3580 ut
301 3507 532 3605 promiserat,
568 3529 600 3579 et
627 3517 661 3579 in
686 3519 785 3582 tribur
809 3516 915 3580 deone

69 3633 178 3696 'orabo
201 3633 303 3711 ilud,
337 3643 379 3697 ut
407 3643 495 3698 tunc
525 3622 700 3696 recordati
724 3623 805 3695 lunt
833 3646 916 3696 cunr
995 3649 1000 3655 ·

69 3741 284 3814 surrexisset
305 3740 510 3828 amortuis,
535 3738 699 3837 discipuli
726 3739 809 3812 eius.
860 3740 916 3814 Ju·

69 3858 211 3931 civero
235 3855 416 3930 Christum
436 3858 555 3931 adhuc
575 3856 613 3930 in
635 3881 738 3930 cruce
758 3858 917 3956 penden-

69 4001 109 4050 m
124 3973 404 4067 subsannabant
413 3985 567 4050 demun
598 3984 686 4067 Voti,
707 3987 765 4072 qui
783 3986 916 4053 destruis
