2460 4560
173 341 243 404 130
564 298 797 330 ''¹''-

168 470 232 538 luo
258 457 413 561 prodigo
436 460 579 556 quidem
606 458 825 552 (gentilibus
844 460 1004 555 scilicet)
1032 466 1098 562 qui
1121 493 1197 566 pror

168 586 279 656 fectus
304 601 356 652 est
377 578 488 652 veluti
516 577 552 646 in
581 564 764 671 regiuner'n
789 580 1046 676 longinquam,
1073 585 1194 682 ibique
1219 626 1221 630 Α

169 699 354 797 dissipavit
387 694 614 768 substantiam
656 694 753 765 luam
789 694 949 768 vivendo
988 696 1192 791 luxuriose;

168 820 225 892 cui
251 811 441 889 revertenti
471 822 551 882 ctrm
585 811 664 907 pius
691 809 794 882 Pater
820 813 1008 908 prandium
1034 841 1192 914 pararet,

164 936 365 1032 indignatus
391 931 499 1006 frater
527 931 610 1001 suus
639 927 786 1001 veniens
815 955 860 1000 ex
889 956 975 1025 agro
1000 937 1119 1009 noluit
1146 937 1192 1008 int

95 1110 100 1119 .
165 1053 292 1128 ιτοίτεέ
321 1047 425 1121 etiam
451 1073 473 1122 a
499 1045 622 1132 Patre,
652 1045 698 1114 ad
725 1071 806 1116 eum
833 1072 997 1142 egresso,
1024 1074 1188 1148 rogatus:

161 1164 264 1267 quod
288 1167 370 1239 fecit
392 1164 542 1240 coelestis
569 1162 673 1234 Pater
700 1162 875 1235 mittendo
893 1164 1008 1237 filium
1028 1169 1130 1243 suum
1148 1171 1190 1243 ad

162 1286 315 1361 ludaeos.
368 1283 480 1355 Cuius
509 1308 598 1357 veru
625 1279 763 1353 viscera
790 1306 865 1352 non
896 1307 1190 1360 commoveantur

162 1403 317 1498 legendo
340 1401 378 1472 in
402 1401 572 1497 parabola
596 1401 654 1474 illa
674 1396 776 1496 pium
798 1397 1095 1493 patrisaffectum
1118 1431 1188 1476 non

40 1536 48 1543 ‘
130 1584 133 1588 ,
163 1521 276 1593 lulum
299 1519 337 1588 in
363 1518 569 1614 recipiendo
593 1519 688 1606 filio,
720 1515 781 1610 qui
802 1514 976 1611 perierat,
1003 1519 1190 1592 sedetiam

162 1637 200 1710 in
227 1635 477 1734 persuadendo
512 1635 587 1707 filio
625 1635 837 1732 indignante
873 1633 1037 1730 patrique
1067 1663 1192 1734 expro-

162 1755 291 1841 bante,
319 1754 418 1850 quod
442 1772 593 1849 patemo
616 1751 745 1826 affectu
768 1752 901 1826 fecerat
928 1777 1013 1846 erga
1038 1753 1187 1829 fratrem.

163 1874 217 1945 At
236 1887 299 1962 ipse
318 1883 403 1944 dixit
432 1881 477 1941 illi
504 1867 568 1959 α).·
608 1881 688 1957 Fili,
723 1892 758 1941 tu
776 1881 903 1962 senuaar
931 1894 1050 1941 uterum
1075 1900 1127 1960 et,
1161 1894 1189 1944 et

65 1997 68 2004 '
162 2003 268 2060 omnia
286 2016 354 2059 mea
377 2008 434 2058 tua
447 1995 548 2076 sunt:
590 1997 719 2077 Esrrtlart'
738 2011 842 2077 autem
865 2007 900 2059 rt
917 1994 1055 2071 gaudere
1074 2011 1190 2080 oporte·

160 2116 233 2191 but,
256 2113 444 2195 quiajrater
456 2125 528 2173 tutu
540 2113 609 2187 lu‘c,
627 2125 766 2174 mortuus
779 2127 870 2191 erat,
891 2122 924 2177 et
939 2115 1062 2176 revixit
1068 2145 1082 2189 ,-
1095 2118 1189 2196 peria

64 2304 71 2313 Ι
161 2242 239 2306 rat,
278 2240 309 2290 et
343 2231 569 2307 invematur.
637 2218 727 2311 Quis
759 2223 804 2292 ad
835 2224 930 2294 lrunc
957 2221 1187 2295 tenerrimum

161 2334 270 2434 patris
294 2334 482 2421 affectum,
518 2334 650 2406 intimis
678 2337 793 2408 cordis
821 2339 984 2412 medullis
1012 2365 1092 2411 non
1119 2366 1190 2433 m03

161 2452 317 2529 veatur‘?
353 2451 444 2544 Quis
472 2477 546 2522 non
574 2451 611 2522 in
643 2453 815 2549 parabola
846 2456 891 2527 de
922 2456 1032 2530 divite
1065 2475 1104 2528 et
1128 2457 1188 2531 La·

161 2593 266 2655 ratu,
295 2569 391 2665 apud
414 2569 548 2641 Lucam
575 2571 687 2668 capite
720 2572 902 2666 sequenti,
942 2573 1029 2646 dum
1056 2577 1189 2649 sortem

160 2693 385 2786 spectattam
408 2686 580 2783 disparem
604 2688 767 2784 epulonis
795 2688 912 2762 divitis
936 2690 973 2760 in
1001 2692 1069 2766 hac
1091 2673 1185 2780 vita,

160 2805 347 2879 conterens
376 2828 450 2875 eam
478 2804 596 2876 animo
626 2832 705 2877 cum
734 2805 854 2876 Lazari
882 2806 1041 2896 miseria,
1068 2823 1126 2902 qui
1144 2821 1188 2880 cul

89 3000 92 3004 ,
158 2935 271 2995 divitis
292 2933 419 2991 ianuam
438 2931 559 2992 iacebat
581 2932 729 2994 ulceribus
744 2933 872 3012 plenus,
901 2937 1024 3014 cupiens
1036 2934 1187 3014 saturari

158 3051 324 3125 demitis,
352 3058 416 3129 qua
442 3048 591 3108 cadebant
615 3050 651 3109 de
674 3064 777 3110 merua
806 3049 940 3126 divitis,
968 3062 999 3112 et
1024 3065 1114 3114 nemo·
1140 3054 1185 3114 illi

159 3168 275 3242 lutat,
298 3153 375 3249 quis
393 3153 537 3248 inquam
556 3176 631 3225 non
648 3154 769 3227 intime
788 3155 957 3228 afficiatur
975 3157 1117 3246 animo,
1136 3160 1186 3232 in·

159 3274 324 3370 diguatus
339 3257 515 3367 epuloni?
533 3294 637 3365 quam
657 3272 812 3366 benigne
825 3283 914 3345 rer'o
933 3293 968 3344 et
983 3277 1183 3370 aequanimi-

159 3408 212 3464 ter
224 3415 304 3462 eum
316 3407 416 3483 pater
426 3386 607 3459 Abraham
624 3390 831 3484 alloquitur,
846 3415 924 3461 cum
938 3413 1182 3488 eumrttgaret,

158 3508 295 3603 mittere
322 3505 492 3577 Lazarum
520 3505 565 3575 ad
592 3505 864 3600 refrigerandam
890 3506 1074 3601 linguam,
1098 3536 1184 3592 ¹cum

158 3622 370 3696 cruciaretur
387 3621 424 3691 in
443 3621 613 3693 flamma?
640 3633 680 3693 Et
698 3619 783 3692 <lixit
799 3633 845 3692 illi
858 3632 1038 3695 Abraham:
1060 3635 1124 3696 frti
1141 3655 1183 3698 rr·

133 3740 137 3754 ⁵
158 3750 284 3813 cordure
293 3787 309 3824 ‚-
320 3752 396 3830 'traria
409 3750 547 3829 recepisti
559 3749 687 3810 bona-itt
699 3752 771 3809 vita
785 3760 860 3828 tua,
881 3762 912 3811 et
925 3749 1184 3828 Lazarusstmrti·

159 3865 330 3932 termula:
358 3882 436 3924 nunc
458 3877 562 3928 autem
583 3867 632 3928 tic
652 3866 845 3956 cumulatur,
871 3880 1001 3931 raveto
1025 3872 1179 3932 cruciaris.

200 4007 232 4085 a)
254 4007 316 4069 rue.
336 4003 407 4078 aa.
430 4018 473 4061 ιι.
503 4032 507 4037 ,
558 4030 569 4038 --

63 4204 158 4292 ι
195 4284 199 4293 f
