2460 4560
569 308 802 371 *με
1005 240 1031 333 {⁴
1104 242 1126 325 θ’

106 455 220 518 estur
239 479 352 564 fuctus
382 487 427 542 ert
445 476 644 558 principatus
659 474 759 556 firper
787 453 959 540 humerum·
980 481 1067 544 eiutr'
1093 488 1117 545 et

138 570 179 631 v·
248 597 411 658 uocabitur
436 611 542 662 nomeu
571 594 637 653 eius
657 591 881 670 Admirabilis‚
909 598 1120 675 comitteretur

96 688 330 774 “V“Deus
345 709 466 789 fortis,
486 721 581 789 pater
597 707 707 786 futuri
721 704 845 785 saculi,
864 712 1014 794 princeps
1023 717 1116 796 puris.

246 826 509 907 Multiplicubitur
526 829 591 887 eius
609 827 793 903 imperium,
821 837 852 886 et
868 831 966 906 pacis
986 824 1048 892 bn
1066 832 1118 893 trit
1136 838 1153 871 ·.

240 943 335 1020 finis:
356 940 454 1022 super
466 939 585 1020 solium
612 939 723 1002 Dauid
746 951 777 1002 et
791 938 890 1021 super
914 961 1041 1020 regnum
1061 951 1118 1009 eius

234 1057 381 1140 sedebit:
408 1069 445 1120 ut
472 1056 627 1133 confirmet
649 1056 747 1132 illuri,
774 1069 805 1119 et
828 1057 1003 1123 corroboret
1028 1065 1060 1124 in
1077 1064 1120 1123 iu·

244 1176 326 1236 dicio
345 1187 376 1236 et
393 1173 535 1249 iustitio,
553 1171 664 1234 amodo
683 1185 714 1234 et
731 1191 825 1255 usque
841 1174 1118 1257 insempiternum5

244 1292 330 1353 aelus
358 1290 484 1351 Domini
511 1291 700 1350 exercituum
723 1287 828 1368 faciet
861 1291 929 1352 hoc.
998 1290 1131 1357 Verbum'

244 1410 332 1468 mitit
361 1406 510 1467 Dominus
540 1408 573 1465 in
600 1405 719 1483 Jacob,
757 1419 788 1467 et
817 1409 928 1469 cecidit
954 1412 994 1471 iti
1019 1410 1115 1473 israel.

245 1513 337 1605 Quis
376 1511 438 1583 fibi
476 1512 721 1608 persuadeats
744 1513 914 1586 humilem
949 1517 1117 1612 virginem

243 1628 402 1702 Mariam
438 1627 524 1700 Deo
554 1647 706 1723 gratam,
741 1649 775 1700 et
812 1630 978 1703 dilectam
1018 1633 1115 1728 inpri-

241 1747 326 1833 mis,
350 1745 406 1817 cui
426 1764 497 1817 tam
513 1744 701 1840 gratiosam
724 1748 868 1840 angelus
887 1773 906 1818 a
926 1746 1016 1820 Deo
1038 1753 1116 1822 falu-

242 1863 412 1936 tationem
438 1861 570 1950 attulit,
597 1861 644 1932 ita
669 1863 847 1957 accepisse
870 1865 989 1957 angeli
1012 1867 1115 1938 verba

241 1981 329 2056 ficut
355 1977 467 2050 Judaei
493 1979 538 2049 de
567 1975 661 2064 filio,
689 2003 795 2073 quem
825 1998 916 2050 esset
940 1981 1113 2076 paritura:

241 2096 299 2167 cui
324 2093 468 2166 datu'rus'
495 2113 585 2165 esset
609 2102 758 2187 Dominus
780 2103 985 2182 Deurscdem
1012 2109 1115 2170 Duor'ri

239 2222 348 2283 Putris
369 2223 442 2283 eius.
501 2208 588 2281 Erat
611 2208 755 2304 quidem
786 2210 831 2280 de·
857 2211 970 2284 domo
997 2212 1114 2287 David

238 2319 371 2424 ioseph
398 2325 529 2398 Mariae
559 2327 731 2422 sponsus,
767 2351 845 2422 quac
872 2331 1112 2402 verosimilia

238 2463 323 2541 post
350 2442 587 2541 captivitatem
613 2441 868 2539 Babylonicum
893 2442 931 2514 in
961 2447 1111 2521 obscuro

234 2561 391 2647 latebat,
420 2580 454 2632 et
479 2558 652 2655 quidquid
685 2558 901 2656 principatus
931 2565 1029 2658 apud
1060 2565 1109 2636 Ju-

205 2678 334 2748 -daeos
374 2678 487 2749 fuerat
520 2676 583 2749 sub
623 2669 782 2747 secundo
821 2679 956 2772 templo
1007 2705 1111 2776 penes
1151 2662 1153 2775 i

233 2792 448 2865 Asmonaeos
474 2812 546 2864 erat
567 2794 627 2864 seu
651 2792 887 2867 Machabaeos
914 2819 1108 2890 exgenere
1150 2778 1153 2889 i

208 2898 465 2994 ‘sacerdotali‚
506 2928 546 2981 ut
578 2907 706 2981 Judaeis
745 2909 790 2980 de
825 2935 938 3004 regno
972 2931 1109 2985 terreno
1150 2898 1153 2985 i

232 3024 384 3099 Messian
414 3025 538 3121 opinio
577 3025 795 3099 eximeretur
825 3024 969 3099 animo:
1015 3029 1109 3126 quod

230 3168 380 3238 regnum
405 3143 559 3216 futurum
588 3163 680 3215 esset
703 3143 910 3217 aeviternum
939 3170 1006 3241 per
1035 3173 1109 3245 pro·

229 3260 460 3356 pagationem
496 3247 699 3348 carnalem,
742 3283 763 3333 ts
803 3248 878 3378 qua
911 3261 1106 3337 abhorrens

227 3377 352 3450 Maria
373 3377 478 3473 virgo
503 3370 665 3452 maritalis
683 3351 778 3450 thori
802 3377 939 3466 nescia,
963 3372 1124 3476 quaeffin

228 3505 386 3588 Quomodo
413 3504 472 3581 stet
499 3507 604 3583 istud,
639 3509 786 3588 quonium
816 3508 921 3565 virum
950 3524 1012 3569 non
1045 3527 1105 3584 cog·

223 3623 344 3682 nosco?
372 3610 526 3684 Revelat
547 3632 663 3686 autem
689 3615 861 3707 angelus„
888 3612 966 3697 haec
992 3617 1137 3689 futura

223 3727 296 3798 fine
326 3728 605 3815 coniunctione,
633 3748 738 3825 atque
766 3728 858 3801 adeo
886 3728 1105 3804 successione

225 3844 378 3914 carnali}
418 3845 537 3939 itaque
573 3848 688 3919 solum
727 3845 827 3918 illum
859 3869 901 3916 ac
940 3848 1134 3935 unicum,¹

224 3983 365 4055 quem,
416 3960 546 4036 virtute
587 3961 760 4040 Altissimi
803 3960 1048 4042 obumbrante
1087 3989 1105 4040 t
