2460 4560
632 195 646 226 N

114 358 314 439 ‚36.
549 374 780 395 m

156 494 406 573 CHRISTUS
421 429 475 568 S'E
488 490 681 585 UBIQUE
696 477 856 568 DEUM
868 495 1175 573 OMNISCIUM
1204 531 1206 534 ·

263 633 320 727 IN
344 627 648 706 EVANGELIO
672 625 1070 706 DEMONSTRAT.

154 871 204 942 Xr
229 793 342 942 Inter
371 893 432 938 eos
459 865 675 964 discipulos,
712 865 843 962 quibus
867 893 903 940 se
930 867 976 940 ad
996 896 1094 943 mare
1116 871 1176 944 Ti·

152 978 305 1059 beriadis
326 1004 410 1080 post
433 985 726 1056 resurrectionem
748 985 982 1059 manifestavit
1004 987 1176 1076 Christus,

152 1103 218 1175 luit
244 1101 469 1186 Nathanael‚
496 1100 580 1195 qni,
608 1115 648 1171 ut
674 1102 797 1181 modo,
812 1102 1176 1204 vidimusChristum

152 1235 235 1316 post
258 1217 432 1288 loannem
459 1216 645 1312 baptistam
672 1216 806 1311 primus
833 1219 900 1292 fuit
924 1223 1105 1316 professus
1126 1223 1178 1293 Fi·

152 1316 238 1408 litim
260 1333 351 1417 Dei;
382 1334 546 1433 eoquod,
574 1344 762 1428 antequam
787 1361 867 1407 eum
886 1336 1049 1426 vidisset,
1078 1337 1179 1410 Chri·

150 1464 244 1537 stus,
271 1450 349 1545 quis
378 1468 414 1521 et
438 1449 548 1544 qualis
576 1469 666 1521 esset
694 1451 796 1521 etiam
818 1451 912 1524 intus
933 1452 970 1523 in
993 1455 1126 1541 corde,
1146 1455 1177 1526 ei

80 1576 83 1581 '
152 1557 405 1640 manifestavit:
456 1565 556 1660 quod
587 1564 692 1638 lolius
733 1565 807 1639 Dei
841 1588 893 1640 est
924 1557 1180 1664 Kolpdnyvdrnr.

152 1686 288 1772 „Ecce
304 1679 365 1774 a),
394 1681 538 1754 dicebat
564 1682 727 1754 Christus
750 1685 795 1755 de
816 1711 882 1771 eo,
908 1708 992 1758 vere
1011 1687 1177 1773 Israelita,

151 1801 189 1872 in
216 1826 290 1896 quo
322 1799 427 1872 dolus
458 1825 533 1869 non
565 1819 627 1871 est.
697 1798 797 1872 Dicit
822 1801 1046 1874 Nathanael:
1084 1806 1181 1876 unde

40 1961 41 1965 =
105 1982 114 1994 .
154 1933 215 1989 me
240 1902 364 1990 nosti?
405 1916 613 2012 Respondit
641 1916 764 2005 lesus,
805 1937 840 1989 et
866 1918 956 1990 dixit
990 1913 1044 1990 ei:
1080 1921 1179 1993 Prius

88 2073 90 2077 ·
152 2044 258 2129 quam
292 2021 541 2126 tePhllippus
564 2054 732 2118 vocaret,
766 2061 847 2106 cum
875 2061 967 2107 esses
997 2037 1063 2108 sub
1090 2039 1178 2123 ficu,

150 2150 226 2224 vidi
247 2153 328 2230 te.“
378 2149 560 2220 intellexit
579 2169 667 2242 ergo
687 2134 1054 2224 NathanaelChristo
1077 2153 1180 2226 etiam

150 2281 338 2365 perspecta
368 2291 443 2336 esse
474 2289 553 2359 quae
589 2267 715 2359 procul
754 2266 834 2337 funt
867 2285 1023 2340 remota:
1069 2271 1181 2343 cuius·

150 2384 252 2458 modi
279 2395 367 2455 vero
396 2379 604 2452 testimoniis
630 2395 665 2452 et
693 2384 908 2476 argumenti-s
937 2377 1181 2460 tutum'refer·

152 2521 229 2575 rum
260 2519 312 2571 est
342 2487 605 2592 Evangelium,
642 2501 829 2594 palamque
859 2501 918 2588 fit,
955 2502 1028 2574 five
1061 2506 1180 2577 locum

151 2600 223 2692 live
238 2633 387 2711 tempus
413 2615 569 2708 spectes',
605 2613 749 2686 Christo
776 2617 895 2690 omnia
917 2617 1048 2713 „pervia
1071 2620 1179 2693 fuisse

148 2735 240 2808 sr‘cut'
265 2733 370 2806 nobis
400 2730 586 2827 praesentia
596 2781 611 2826 ,Ι
640 2730 688 2803 ita
714 2732 763 2804 illi
793 2734 865 2806 sive
898 2735 1081 2823 absentia,
1108 2738 1179 2812 sive

148 2854 286 2938 lutura3
315 2877 389 2921 non
407 2848 577 2944 quaedam
602 2866 739 2920 tantum
765 2849 962 2944 singillatim
992 2851 1080 2925 sicut
1098 2877 1178 2949 pro·

149 2969 282 3066 phetiss
310 2993 441 3068 neque,
466 2966 774 3059 'quemadmodum
795 2965 864 3052 illi,
890 2965 1076 3055 Chri-stus,
1097 2988 1177 3042 cum
1219 3043 1222 3046 ,

153 3107 245 3158 esset
273 3085 349 3183 ipse
375 3082 579 3167 Dominus,
608 3079 791 3154 'ususluit
818 3078 959 3154 verbis:
1001 3092 1070 3156 Haec
1102 3099 1178 3158 dicit

43 3291 47 3298 Ι
150 3206 310 3278 Dominus.
356 3201 426 3273 Est
448 3196 645 3272 hoc'nobis
672 3189 863 3294 pracsertim
883 3197 1055 3272 invictum
1074 3223 1178 3274 evan·

149 3311 270 3415 gelicae
303 3318 460 3392 veritatis
491 3332 757 3412 argumentum,
799 3314 861 3410 qui
898 3337 1090 3411 praesentes
1131 3314 1178 3391 ad

151 3423 319 3510 miracula
347 3434 480 3508 Christi
507 3456 582 3506 non
612 3431 765 3520 fuimus,
804 3431 992 3505 incredulis
1023 3435 1178 3508 maxime

74 3542 76 3546 ¹
150 3548 236 3640 illis,
272 3553 354 3648 qui,
385 3553 485 3648 quod
513 3542 588 3624 non
617 3550 806 3634 viderunt,
839 3550 982 3622 credere
1014 3550 1180 3646 tergiver-

152 3659 288 3756 santum
316 3668 402 3740 dum
422 3670 457 3739 in
480 3667 634 3740 lectione
655 3665 860 3760 evangelica
881 3690 956 3737 uno
979 3668 1090 3739 veluti
1117 3668 1181 3742 ob·

89 3855 91 3861 ,
151 3805 230 3859 tutu
248 3786 309 3857 seu
328 3790 521 3881 complexu
539 3811 613 3880 prae
635 3784 769 3857 occulis
787 3803 957 3869 cernunt,
984 3769 1180 3874 Christumss

154 3902 323 3998 quamdiu
353 3900 443 3974 inter
471 3902 635 3978 homines
666 3921 719 3976 est
754 3921 1007 3990 conversatus,
1046 3903 1092 3976 de
1123 3902 1179 3978 ab·

196 4041 435 4118 nmisx

69 4214 166 4288 h
