2460 4560
177 316 189 348 ⁶
435 331 666 362 *a

434 383 665 395 -.........
920 365 989 434 199

90 497 302 590 delapsus,
338 491 443 579 ‚,src,
471 491 540 577 ait,
569 513 604 564 et
629 493 832 566 ludaeorum
858 493 992 589 legisla÷

87 633 190 699 tor,
229 611 284 683 vir
308 636 383 681 non
408 609 584 704 vulgaris,
612 610 904 706 quandoquidem
929 639 993 683 nu·

90 730 217 808 minis
237 728 435 824 potentiam
462 753 530 822 pro
552 728 721 822 dignitate
748 749 868 804 notam
888 728 990 818 fecit,

92 845 376 940 declaravitque
408 845 518 916 statim
548 844 649 919 initio
679 847 840 941 proaemii
871 849 990 941 legum

90 967 251 1037 suarum
274 963 448 1034 scribens:
477 966 572 1036 Dixit
593 971 694 1049 Deus,
726 962 859 1066 inquit,
889 974 992 1055 quid?

93 1092 188 1153 Fiat
204 1091 281 1165 lux,
302 1102 333 1150 et
340 1089 438 1166 facta
457 1101 520 1154 est:
538 1086 606 1164 fiat*
623 1100 728 1180 terra2
746 1103 777 1150 ct
787 1089 884 1167 foeta
901 1103 955 1156 est.
966 1083 989 1118 ‘⁶

98 1196 189 1292 Qui
214 1197 463 1268 sublimitatem
486 1196 523 1266 in
542 1197 613 1275 hoc
634 1199 715 1268 loco
729 1178 992 1284 desiderarunt,

98 1315 261 1410 eoquod
286 1313 372 1385 nihil
395 1314 541 1391 sublime
561 1308 600 1389 in
618 1313 736 1390 verbis
756 1314 819 1394 fibi
839 1314 992 1416 animad-

98 1452 253 1507 vertere
286 1431 353 1503 visi
380 1432 482 1517 sunt,
516 1434 636 1508 saltem
669 1433 713 1503 ad
742 1434 886 1518 thema,
930 1434 991 1504 seu

102 1566 380 1645 argumentum,
403 1547 531 1642 inquo
555 1570 715 1628 versatur
733 1550 784 1621 ibi
804 1549 990 1644 Longinus

104 1665 297 1741 attendere
309 1664 540 1753 debuissent,
567 1667 667 1765 quod
686 1685 739 1739 est
755 1665 827 1762 ’περὶ
848 1654 993 1748 resinent,

106 1788 172 1858 feu
217 1783 319 1878 quod
363 1803 414 1855 est
447 1770 485 1860 ri
521 1782 593 1877 περὶ
622 1775 686 1866 τοίς
716 1769 831 1866 vultos
855 1774 999 1877 algentia

110 1887 236 1990 βολέν,
263 1903 322 1972 vel
346 1889 566 2000 μεγαλδφρον
589 1923 777 1991 magnum,
810 1901 870 1975 seu
892 1898 997 1969 subli-

111 2047 168 2091 me
187 2019 225 2089 in
241 2017 318 2112 ipsa
334 2037 472 2102 mente,
491 2019 551 2096 seu
568 2015 793 2110 cogitatione.
833 2016 875 2086 Id
894 2015 995 2110 quod

113 2156 148 2208 et
175 2138 327 2207 lectores
369 2133 482 2206 nostri
511 2133 548 2203 in
580 2133 745 2228 praesenti
786 2133 991 2207 tractatione

113 2279 186 2350 prae
209 2250 322 2324 oculis
346 2251 522 2355 habeant.¹
563 2250 631 2327 Sed
651 2237 689 2326 ri
710 2233 796 2340 ileliae
819 2250 919 2353 quod
940 2269 993 2324 est

1018 492 1130 557 cisun

1066 605 1089 661 1.

1010 713 1151 770 υγν

112 2370 149 2440 in
179 2388 299 2439 mente
327 2367 467 2454 divina,
507 2394 551 2439 ex
575 2393 645 2464 qua
677 2368 810 2463 prodiit
840 2366 993 2444 uerbum
1063 2373 1067 2394 '

114 2485 297 2570 divinum,
336 2485 435 2582 quod
465 2504 539 2555 erat
563 2485 599 2553 in
628 2484 802 2586 principio
835 2511 879 2554 ex
905 2483 992 2554 Deo
1101 2491 1104 2497 ’

114 2625 217 2675 natus
249 2601 294 2672 ab
321 2622 454 2677 aeterno
480 2620 560 2672 ante
588 2600 706 2677 omnia
735 2620 893 2695 tempora
919 2599 993 2675 uni-

94 2719 254 2816 'genitus
282 2717 389 2794 Filius
413 2716 512 2804 Dei,
539 2717 616 2812 quis
644 2716 789 2796 edicet?
821 2727 995 2787 Generosiu-

114 2865 180 2908 nem
207 2848 273 2907 eius
298 2820 367 2926 quis
393 2821 550 2909 enarrabit
575 2831 642 2923 (ἠ.)
694 2833 992 2919 Generationem,

112 2952 280 3048 inquam,
308 2951 384 3045 qua
400 2950 444 3022 ab
466 2971 598 3022 aeterno
626 2950 765 3046 genitus
787 2949 861 3021 Dei
886 2949 995 3029 Filius
1025 3006 1028 3013 .

114 3096 206 3144 unus
227 3060 382 3151 estcum
404 3067 508 3141 Patre
531 3062 645 3150 Deus,

188 3302 303 3374 Extra
333 3329 371 3373 se
404 3299 538 3398 rapitur
569 3304 873 3395 humanamens,
911 3300 996 3374 dum

114 3419 332 3516 cogitatione
368 3412 454 3506 lua,
491 3423 679 3515 quantavis,
715 3419 821 3490 animi
853 3441 998 3487 conten-

114 3538 212 3610 tione
240 3537 405 3632 persequi
431 3539 537 3632 gestit
564 3564 625 3608 ens
651 3536 751 3614 initio
779 3559 924 3618 carens,
953 3533 998 3606 ab

115 3677 273 3737 aeterno,
312 3680 394 3726 ase
421 3656 597 3739 existens,
635 3674 669 3725 et
696 3654 731 3723 in
759 3679 795 3724 se
820 3651 923 3746 ipsu,
961 3651 997 3731 in

113 3772 189 3868 ipsa
207 3773 267 3842 sua
290 3772 482 3845 substantia
511 3772 683 3842 rationem
709 3773 777 3846 luae
802 3769 995 3843 existentiae

97 3887 274 3960 labens:
304 3915 365 3960 ens
388 3888 645 3976 necessarium,
665 3917 684 3962 a
707 3915 780 3984 quo
805 3889 897 3962 entia
915 3915 999 3960 con·

158 4038 442 4116 omme
