<?xml version="1.0" encoding="UTF-8"?>
<!DOCTYPE html PUBLIC "-//W3C//DTD XHTML 1.0 Transitional//EN"
    "http://www.w3.org/TR/xhtml1/DTD/xhtml1-transitional.dtd">
<html xmlns="http://www.w3.org/1999/xhtml" xml:lang="en" lang="en">
 <head>
  <title>
</title>
<meta http-equiv="Content-Type" content="text/html;charset=utf-8" />
  <meta name='ocr-system' content='tesseract 3.04.00' />
  <meta name='ocr-capabilities' content='ocr_page ocr_carea ocr_par ocr_line ocrx_word'/>
</head>
<body>
  <div class='ocr_page' id='page_1' title='image "./desublimiinevan01gerbgoog_0238.png"; bbox 0 0 2460 4560; ppageno 0'>
   <div class='ocr_carea' id='block_1_1' title="bbox 301 349 1022 446">
    <p class='ocr_par' dir='ltr' id='par_1_1' title="bbox 301 349 1022 446">
     <span class='ocr_line' id='line_1_1' title="bbox 301 349 1022 446; baseline 0.006 -37"><span class='ocrx_word' id='word_1_1' title='bbox 301 349 607 411; x_wconf 43' lang='grc' dir='ltr'>,Ξ</span> <span class='ocrx_word' id='word_1_2' title='bbox 855 379 1022 446; x_wconf 55' lang='lat'>213¹</span> 
     </span>
    </p>
   </div>
   <div class='ocr_carea' id='block_1_2' title="bbox 78 495 1082 3874">
    <p class='ocr_par' dir='ltr' id='par_1_2' title="bbox 78 495 1082 946">
     <span class='ocr_line' id='line_1_2' title="bbox 78 495 1061 596; baseline 0.012 -22"><span class='ocrx_word' id='word_1_3' title='bbox 78 519 87 574; x_wconf 89' lang='lat' dir='ltr'>t</span> <span class='ocrx_word' id='word_1_4' title='bbox 118 526 186 577; x_wconf 87' lang='lat' dir='ltr'>uec</span> <span class='ocrx_word' id='word_1_5' title='bbox 218 505 336 580; x_wconf 89' lang='lat' dir='ltr'>locum</span> <span class='ocrx_word' id='word_1_6' title='bbox 368 507 406 578; x_wconf 91' lang='lat' dir='ltr'>in</span> <span class='ocrx_word' id='word_1_7' title='bbox 439 495 633 585; x_wconf 59' lang='lat' dir='ltr'>diversorio</span> <span class='ocrx_word' id='word_1_8' title='bbox 666 507 823 596; x_wconf 86' lang='lat' dir='ltr'>habere,</span> <span class='ocrx_word' id='word_1_9' title='bbox 862 533 928 579; x_wconf 90' lang='lat' dir='ltr'>nec</span> <span class='ocrx_word' id='word_1_10' title='bbox 948 499 1061 586; x_wconf 50' lang='grc' dir='ltr'>(Μυῒ</span> 
     </span>
     <span class='ocr_line' id='line_1_3' title="bbox 79 622 1031 722; baseline 0.004 -30"><span class='ocrx_word' id='word_1_11' title='bbox 79 623 267 718; x_wconf 91' lang='lat' dir='ltr'>pinionem</span> <span class='ocrx_word' id='word_1_12' title='bbox 291 627 335 699; x_wconf 92' lang='lat' dir='ltr'>de</span> <span class='ocrx_word' id='word_1_13' title='bbox 359 652 396 699; x_wconf 89' lang='lat' dir='ltr'>se</span> <span class='ocrx_word' id='word_1_14' title='bbox 418 626 548 711; x_wconf 82' lang='lat' dir='ltr'>facere,</span> <span class='ocrx_word' id='word_1_15' title='bbox 570 625 647 720; x_wconf 92' lang='lat' dir='ltr'>quis</span> <span class='ocrx_word' id='word_1_16' title='bbox 670 646 777 712; x_wconf 84' lang='lat' dir='ltr'>esset,</span> <span class='ocrx_word' id='word_1_17' title='bbox 801 625 928 722; x_wconf 90' lang='lat' dir='ltr'>potuit.</span> <span class='ocrx_word' id='word_1_18' title='bbox 984 622 1031 676; x_wconf 72' lang='grc' dir='ltr'>Ν·</span> 
     </span>
     <span class='ocr_line' id='line_1_4' title="bbox 78 737 1082 838; baseline 0.004 -28"><span class='ocrx_word' id='word_1_19' title='bbox 78 741 167 810; x_wconf 85' lang='lat' dir='ltr'>udaei</span> <span class='ocrx_word' id='word_1_20' title='bbox 198 743 493 837; x_wconf 65' lang='lat' dir='ltr'>praestolabantur</span> <span class='ocrx_word' id='word_1_21' title='bbox 525 743 698 819; x_wconf 88' lang='lat' dir='ltr'>Messiaru</span> <span class='ocrx_word' id='word_1_22' title='bbox 730 769 849 838; x_wconf 85' lang='lat' dir='ltr'>regem</span> <span class='ocrx_word' id='word_1_23' title='bbox 880 737 1082 814; x_wconf 60' lang='lat' dir='ltr'>re.W*⁹</span> 
     </span>
     <span class='ocr_line' id='line_1_5' title="bbox 78 859 929 946; baseline 0.002 -17"><span class='ocrx_word' id='word_1_24' title='bbox 78 881 142 943; x_wconf 72' lang='lat' dir='ltr'>‚um</span> <span class='ocrx_word' id='word_1_25' title='bbox 175 876 209 928; x_wconf 86' lang='lat' dir='ltr'>et</span> <span class='ocrx_word' id='word_1_26' title='bbox 239 859 425 935; x_wconf 91' lang='lat' dir='ltr'>dominum</span> <span class='ocrx_word' id='word_1_27' title='bbox 453 859 712 931; x_wconf 84' lang='lat' dir='ltr'>dominantium</span> <span class='ocrx_word' id='word_1_28' title='bbox 744 860 779 931; x_wconf 90' lang='lat' dir='ltr'>iu</span> <span class='ocrx_word' id='word_1_29' title='bbox 810 861 929 946; x_wconf 85' lang='lat' dir='ltr'>terris,</span> 
     </span>
    </p>

    <p class='ocr_par' dir='ltr' id='par_1_3' title="bbox 78 972 939 1313">
     <span class='ocr_line' id='line_1_6' title="bbox 78 972 936 1063; baseline 0.012 -23"><span class='ocrx_word' id='word_1_30' title='bbox 78 999 140 1042; x_wconf 62' lang='lat' dir='ltr'>,um</span> <span class='ocrx_word' id='word_1_31' title='bbox 167 972 315 1051; x_wconf 50' lang='lat' dir='ltr'>interim¹</span> <span class='ocrx_word' id='word_1_32' title='bbox 339 976 396 1048; x_wconf 84' lang='lat' dir='ltr'>ille</span> <span class='ocrx_word' id='word_1_33' title='bbox 426 976 580 1050; x_wconf 84' lang='lat' dir='ltr'>nascitur</span> <span class='ocrx_word' id='word_1_34' title='bbox 607 977 644 1046; x_wconf 87' lang='lat' dir='ltr'>iu</span> <span class='ocrx_word' id='word_1_35' title='bbox 675 978 835 1063; x_wconf 90' lang='lat' dir='ltr'>stabulo,</span> <span class='ocrx_word' id='word_1_36' title='bbox 876 979 936 1049; x_wconf 88' lang='lat' dir='ltr'>de-</span> 
     </span>
     <span class='ocr_line' id='line_1_7' title="bbox 78 1081 939 1194; baseline 0.009 -36"><span class='ocrx_word' id='word_1_37' title='bbox 78 1081 329 1164; x_wconf 58' lang='lat' dir='ltr'>octurus‘non</span> <span class='ocrx_word' id='word_1_38' title='bbox 352 1094 465 1172; x_wconf 86' lang='lat' dir='ltr'>solum</span> <span class='ocrx_word' id='word_1_39' title='bbox 499 1113 641 1194; x_wconf 84' lang='lat' dir='ltr'>gentem</span> <span class='ocrx_word' id='word_1_40' title='bbox 677 1096 774 1167; x_wconf 83' lang='lat' dir='ltr'>[uam</span> <span class='ocrx_word' id='word_1_41' title='bbox 804 1121 939 1166; x_wconf 88' lang='lat' dir='ltr'>vanam</span> 
     </span>
     <span class='ocr_line' id='line_1_8' title="bbox 78 1207 932 1313; baseline 0.009 -37"><span class='ocrx_word' id='word_1_42' title='bbox 78 1207 181 1282; x_wconf 74' lang='lat' dir='ltr'>nundi</span> <span class='ocrx_word' id='word_1_43' title='bbox 199 1209 367 1313; x_wconf 82' lang='lat' dir='ltr'>gloriam,</span> <span class='ocrx_word' id='word_1_44' title='bbox 393 1210 454 1282; x_wconf 85' lang='lat' dir='ltr'>sed</span> <span class='ocrx_word' id='word_1_45' title='bbox 480 1229 514 1282; x_wconf 90' lang='lat' dir='ltr'>et</span> <span class='ocrx_word' id='word_1_46' title='bbox 541 1232 665 1284; x_wconf 81' lang='lat' dir='ltr'>omno&#39;s</span> <span class='ocrx_word' id='word_1_47' title='bbox 684 1233 835 1311; x_wconf 52' lang='lat' dir='ltr'>gentes,</span> <span class='ocrx_word' id='word_1_48' title='bbox 853 1237 932 1307; x_wconf 83' lang='lat' dir='ltr'>quae</span> 
     </span>
    </p>

    <p class='ocr_par' dir='ltr' id='par_1_4' title="bbox 78 1325 958 1774">
     <span class='ocr_line' id='line_1_9' title="bbox 79 1325 932 1425; baseline 0.009 -32"><span class='ocrx_word' id='word_1_49' title='bbox 79 1349 137 1394; x_wconf 93' lang='lat' dir='ltr'>um</span> <span class='ocrx_word' id='word_1_50' title='bbox 178 1325 369 1420; x_wconf 87' lang='lat' dir='ltr'>aliquando</span> <span class='ocrx_word' id='word_1_51' title='bbox 404 1326 603 1400; x_wconf 82' lang='lat' dir='ltr'>reveriturae</span> <span class='ocrx_word' id='word_1_52' title='bbox 646 1351 784 1416; x_wconf 86' lang='lat' dir='ltr'>essent,</span> <span class='ocrx_word' id='word_1_53' title='bbox 825 1353 932 1425; x_wconf 86' lang='lat' dir='ltr'>quem</span> 
     </span>
     <span class='ocr_line' id='line_1_10' title="bbox 78 1443 958 1540; baseline 0.01 -30"><span class='ocrx_word' id='word_1_54' title='bbox 78 1465 142 1512; x_wconf 70' lang='lat' dir='ltr'>’eus</span> <span class='ocrx_word' id='word_1_55' title='bbox 172 1443 248 1514; x_wconf 53' lang='lat' dir='ltr'>sua„</span> <span class='ocrx_word' id='word_1_56' title='bbox 266 1443 544 1540; x_wconf 73' lang='lat' dir='ltr'>dedignabatur,</span> <span class='ocrx_word' id='word_1_57' title='bbox 571 1471 700 1519; x_wconf 88' lang='lat' dir='ltr'>verum</span> <span class='ocrx_word' id='word_1_58' title='bbox 728 1446 901 1521; x_wconf 78' lang='lat' dir='ltr'>Messium</span> <span class='ocrx_word' id='word_1_59' title='bbox 920 1472 958 1529; x_wconf 54' lang='grc' dir='ltr'>ι,</span> 
     </span>
     <span class='ocr_line' id='line_1_11' title="bbox 78 1557 931 1658; baseline 0.009 -30"><span class='ocrx_word' id='word_1_60' title='bbox 78 1557 184 1649; x_wconf 87' lang='lat' dir='ltr'>uibus</span> <span class='ocrx_word' id='word_1_61' title='bbox 218 1586 255 1638; x_wconf 85' lang='lat' dir='ltr'>se</span> <span class='ocrx_word' id='word_1_62' title='bbox 282 1559 351 1637; x_wconf 88' lang='lat' dir='ltr'>iarn</span> <span class='ocrx_word' id='word_1_63' title='bbox 382 1587 550 1649; x_wconf 79' lang='lat' dir='ltr'>nascens,</span> <span class='ocrx_word' id='word_1_64' title='bbox 589 1565 666 1658; x_wconf 91' lang='lat' dir='ltr'>quis</span> <span class='ocrx_word' id='word_1_65' title='bbox 694 1584 806 1651; x_wconf 87' lang='lat' dir='ltr'>esset,</span> <span class='ocrx_word' id='word_1_66' title='bbox 832 1563 931 1636; x_wconf 64' lang='lat' dir='ltr'>&#39;stella</span> 
     </span>
     <span class='ocr_line' id='line_1_12' title="bbox 78 1661 932 1774; baseline 0.009 -29"><span class='ocrx_word' id='word_1_67' title='bbox 78 1675 348 1755; x_wconf 58' lang='lat' dir='ltr'>lemoustrabat:</span> <span class='ocrx_word' id='word_1_68' title='bbox 373 1661 608 1774; x_wconf 67' lang='lat' dir='ltr'>-rieniuntque</span> <span class='ocrx_word' id='word_1_69' title='bbox 645 1680 932 1774; x_wconf 81' lang='lat' dir='ltr'>Hierosolymam</span> 
     </span>
    </p>

    <p class='ocr_par' dir='ltr' id='par_1_5' title="bbox 78 1793 934 2125">
     <span class='ocr_line' id='line_1_13' title="bbox 79 1793 934 1890; baseline 0.001 -27"><span class='ocrx_word' id='word_1_70' title='bbox 79 1818 137 1864; x_wconf 93' lang='lat' dir='ltr'>um</span> <span class='ocrx_word' id='word_1_71' title='bbox 176 1794 353 1866; x_wconf 84' lang='lat' dir='ltr'>adoraturi</span> <span class='ocrx_word' id='word_1_72' title='bbox 389 1796 508 1889; x_wconf 83' lang='lat' dir='ltr'>magi,</span> <span class='ocrx_word' id='word_1_73' title='bbox 554 1797 659 1880; x_wconf 80' lang='lat' dir='ltr'>„hoc</span> <span class='ocrx_word' id='word_1_74' title='bbox 693 1815 747 1866; x_wconf 90' lang='lat' dir='ltr'>est</span> <span class='ocrx_word' id='word_1_75' title='bbox 782 1793 934 1890; x_wconf 80' lang='lat' dir='ltr'>professi</span> 
     </span>
     <span class='ocr_line' id='line_1_14' title="bbox 78 1911 933 2007; baseline 0.002 -27"><span class='ocrx_word' id='word_1_76' title='bbox 78 1930 163 1981; x_wconf 92' lang='lat' dir='ltr'>rtem</span> <span class='ocrx_word' id='word_1_77' title='bbox 190 1911 500 2007; x_wconf 82' lang='lat' dir='ltr'>contemplativam</span> <span class='ocrx_word' id='word_1_78' title='bbox 527 1931 613 1985; x_wconf 87' lang='lat' dir='ltr'>teste</span> <span class='ocrx_word' id='word_1_79' title='bbox 638 1911 789 1983; x_wconf 87' lang='lat' dir='ltr'>Philone</span> <span class='ocrx_word' id='word_1_80' title='bbox 807 1911 933 1982; x_wconf 81' lang='lat' dir='ltr'>Judaeo</span> 
     </span>
     <span class='ocr_line' id='line_1_15' title="bbox 78 2020 933 2125; baseline 0.002 -29"><span class='ocrx_word' id='word_1_81' title='bbox 78 2026 292 2122; x_wconf 47' lang='lat' dir='ltr'>:riptore&gt;o)</span> <span class='ocrx_word' id='word_1_82' title='bbox 325 2028 494 2125; x_wconf 83' lang='lat' dir='ltr'>suppari,</span> <span class='ocrx_word' id='word_1_83' title='bbox 528 2054 591 2125; x_wconf 86' lang='lat' dir='ltr'>per</span> <span class='ocrx_word' id='word_1_84' title='bbox 622 2055 726 2124; x_wconf 85' lang='lat' dir='ltr'>quum</span> <span class='ocrx_word' id='word_1_85' title='bbox 758 2020 933 2105; x_wconf 72' lang='lat' dir='ltr'>naturalee</span> 
     </span>
    </p>

    <p class='ocr_par' dir='ltr' id='par_1_6' title="bbox 78 2146 981 2701">
     <span class='ocr_line' id='line_1_16' title="bbox 78 2146 981 2241; baseline 0.003 -29"><span class='ocrx_word' id='word_1_86' title='bbox 78 2167 110 2230; x_wconf 77' lang='lat' dir='ltr'>ee</span> <span class='ocrx_word' id='word_1_87' title='bbox 142 2165 333 2221; x_wconf 86' lang='lat' dir='ltr'>cernuntur</span> <span class='ocrx_word' id='word_1_88' title='bbox 360 2146 546 2232; x_wconf 84' lang='lat' dir='ltr'>clari-ores,</span> <span class='ocrx_word' id='word_1_89' title='bbox 584 2172 688 2241; x_wconf 90' lang='lat' dir='ltr'>quam</span> <span class='ocrx_word' id='word_1_90' title='bbox 718 2172 790 2218; x_wconf 89' lang='lat' dir='ltr'>non</span> <span class='ocrx_word' id='word_1_91' title='bbox 818 2146 931 2223; x_wconf 79' lang='lat' dir='ltr'>modo</span> <span class='ocrx_word' id='word_1_92' title='bbox 977 2218 981 2225; x_wconf 68' lang='grc'>,</span> 
     </span>
     <span class='ocr_line' id='line_1_17' title="bbox 78 2260 930 2358; baseline 0.006 -30"><span class='ocrx_word' id='word_1_93' title='bbox 78 2260 181 2346; x_wconf 79' lang='lat' dir='ltr'>debs,</span> <span class='ocrx_word' id='word_1_94' title='bbox 225 2263 421 2341; x_wconf 85' lang='lat' dir='ltr'>sedetiam</span> <span class='ocrx_word' id='word_1_95' title='bbox 455 2288 555 2358; x_wconf 81' lang='lat' dir='ltr'>reges</span> <span class='ocrx_word' id='word_1_96' title='bbox 590 2263 732 2338; x_wconf 83' lang='lat' dir='ltr'>maximi</span> <span class='ocrx_word' id='word_1_97' title='bbox 761 2262 930 2358; x_wconf 80' lang='lat' dir='ltr'>imprimis</span> 
     </span>
     <span class='ocr_line' id='line_1_18' title="bbox 78 2375 930 2476; baseline 0.006 -31"><span class='ocrx_word' id='word_1_98' title='bbox 78 2375 189 2450; x_wconf 82' lang='lat' dir='ltr'>.’ersici</span> <span class='ocrx_word' id='word_1_99' title='bbox 220 2382 413 2469; x_wconf 80' lang='lat' dir='ltr'>sectantur,</span> <span class='ocrx_word' id='word_1_100' title='bbox 450 2382 510 2476; x_wconf 91' lang='lat' dir='ltr'>qui</span> <span class='ocrx_word' id='word_1_101' title='bbox 540 2383 632 2452; x_wconf 86' lang='lat' dir='ltr'>hanc</span> <span class='ocrx_word' id='word_1_102' title='bbox 659 2402 766 2452; x_wconf 88' lang='lat' dir='ltr'>artem</span> <span class='ocrx_word' id='word_1_103' title='bbox 796 2380 843 2450; x_wconf 81' lang='lat' dir='ltr'>itu</span> <span class='ocrx_word' id='word_1_104' title='bbox 872 2380 930 2450; x_wconf 79' lang='lat' dir='ltr'>ad-</span> 
     </span>
     <span class='ocr_line' id='line_1_19' title="bbox 78 2493 931 2592; baseline 0.005 -30"><span class='ocrx_word' id='word_1_105' title='bbox 78 2493 244 2583; x_wconf 80' lang='lat' dir='ltr'>nitantur,</span> <span class='ocrx_word' id='word_1_106' title='bbox 272 2517 311 2570; x_wconf 92' lang='lat' dir='ltr'>ut</span> <span class='ocrx_word' id='word_1_107' title='bbox 341 2524 488 2592; x_wconf 77' lang='lat' dir='ltr'>regnare</span> <span class='ocrx_word' id='word_1_108' title='bbox 519 2525 591 2569; x_wconf 90' lang='lat' dir='ltr'>non</span> <span class='ocrx_word' id='word_1_109' title='bbox 615 2499 741 2582; x_wconf 86' lang='lat' dir='ltr'>liceat,</span> <span class='ocrx_word' id='word_1_110' title='bbox 768 2495 835 2566; x_wconf 91' lang='lat' dir='ltr'>nisi</span> <span class='ocrx_word' id='word_1_111' title='bbox 861 2522 931 2566; x_wconf 83' lang='lat' dir='ltr'>ma·</span> 
     </span>
     <span class='ocr_line' id='line_1_20' title="bbox 78 2587 930 2701; baseline 0.005 -21"><span class='ocrx_word' id='word_1_112' title='bbox 78 2616 183 2701; x_wconf 73' lang='lat' dir='ltr'>gorum</span> <span class='ocrx_word' id='word_1_113' title='bbox 203 2635 304 2687; x_wconf 85' lang='lat' dir='ltr'>antea</span> <span class='ocrx_word' id='word_1_114' title='bbox 325 2614 378 2686; x_wconf 90' lang='lat' dir='ltr'>usi</span> <span class='ocrx_word' id='word_1_115' title='bbox 395 2615 525 2690; x_wconf 82' lang='lat' dir='ltr'>fuerint</span> <span class='ocrx_word' id='word_1_116' title='bbox 544 2613 815 2686; x_wconf 82' lang='lat' dir='ltr'>contuberni0.“</span> <span class='ocrx_word' id='word_1_117' title='bbox 840 2587 930 2684; x_wconf 81' lang='lat' dir='ltr'>&#39;Sed</span> 
     </span>
    </p>

    <p class='ocr_par' dir='ltr' id='par_1_7' title="bbox 78 2728 931 2827">
     <span class='ocr_line' id='line_1_21' title="bbox 78 2728 931 2827; baseline 0.012 -33"><span class='ocrx_word' id='word_1_118' title='bbox 78 2728 148 2800; x_wconf 84' lang='lat' dir='ltr'>iltra</span> <span class='ocrx_word' id='word_1_119' title='bbox 173 2730 349 2802; x_wconf 82' lang='lat' dir='ltr'>efferenda</span> <span class='ocrx_word' id='word_1_120' title='bbox 376 2753 427 2804; x_wconf 84' lang='lat' dir='ltr'>est</span> <span class='ocrx_word' id='word_1_121' title='bbox 456 2732 492 2806; x_wconf 90' lang='lat' dir='ltr'>in</span> <span class='ocrx_word' id='word_1_122' title='bbox 515 2731 623 2827; x_wconf 84' lang='lat' dir='ltr'>magis</span> <span class='ocrx_word' id='word_1_123' title='bbox 650 2729 775 2802; x_wconf 87' lang='lat' dir='ltr'>nostris</span> <span class='ocrx_word' id='word_1_124' title='bbox 803 2729 931 2824; x_wconf 84' lang='lat' dir='ltr'>cogita·</span> 
     </span>
    </p>

    <p class='ocr_par' dir='ltr' id='par_1_8' title="bbox 78 2840 930 2945">
     <span class='ocr_line' id='line_1_22' title="bbox 78 2840 930 2945; baseline 0.009 -35"><span class='ocrx_word' id='word_1_125' title='bbox 78 2840 130 2931; x_wconf 81' lang='lat' dir='ltr'>io,</span> <span class='ocrx_word' id='word_1_126' title='bbox 157 2867 196 2918; x_wconf 86' lang='lat' dir='ltr'>ut</span> <span class='ocrx_word' id='word_1_127' title='bbox 224 2847 294 2917; x_wconf 89' lang='lat' dir='ltr'>iam</span> <span class='ocrx_word' id='word_1_128' title='bbox 320 2849 542 2936; x_wconf 88' lang='lat' dir='ltr'>notavimus,</span> <span class='ocrx_word' id='word_1_129' title='bbox 570 2848 846 2941; x_wconf 55' lang='lat' dir='ltr'>notabimusque.</span> <span class='ocrx_word' id='word_1_130' title='bbox 871 2847 930 2945; x_wconf 66' lang='lat' dir='ltr'>ite-</span> 
     </span>
    </p>

    <p class='ocr_par' dir='ltr' id='par_1_9' title="bbox 78 2946 931 3178">
     <span class='ocr_line' id='line_1_23' title="bbox 78 2946 930 3060; baseline 0.005 -29"><span class='ocrx_word' id='word_1_131' title='bbox 78 2980 137 3032; x_wconf 76' lang='lat' dir='ltr'>rum</span> <span class='ocrx_word' id='word_1_132' title='bbox 164 2965 227 3036; x_wconf 85' lang='lat' dir='ltr'>suo</span> <span class='ocrx_word' id='word_1_133' title='bbox 248 2967 350 3050; x_wconf 85' lang='lat' dir='ltr'>loco;</span> <span class='ocrx_word' id='word_1_134' title='bbox 377 2967 473 3039; x_wconf 89' lang='lat' dir='ltr'>dum</span> <span class='ocrx_word' id='word_1_135' title='bbox 496 2965 594 3037; x_wconf 89' lang='lat' dir='ltr'>humi</span> <span class='ocrx_word' id='word_1_136' title='bbox 616 2964 672 3036; x_wconf 92' lang='lat' dir='ltr'>hic</span> <span class='ocrx_word' id='word_1_137' title='bbox 694 2965 801 3060; x_wconf 84' lang='lat' dir='ltr'>serpit</span> <span class='ocrx_word' id='word_1_138' title='bbox 826 2946 930 3035; x_wconf 87' lang='lat' dir='ltr'>Philo</span> 
     </span>
     <span class='ocr_line' id='line_1_24' title="bbox 78 3068 931 3178; baseline 0 -31"><span class='ocrx_word' id='word_1_139' title='bbox 78 3068 215 3166; x_wconf 76' lang='lat' dir='ltr'>ludaeus,</span> <span class='ocrx_word' id='word_1_140' title='bbox 242 3082 388 3178; x_wconf 89' lang='lat' dir='ltr'>perinde</span> <span class='ocrx_word' id='word_1_141' title='bbox 418 3109 458 3155; x_wconf 82' lang='lat' dir='ltr'>ac</span> <span class='ocrx_word' id='word_1_142' title='bbox 488 3083 704 3165; x_wconf 78' lang='lat' dir='ltr'>contribules</span> <span class='ocrx_word' id='word_1_143' title='bbox 732 3083 782 3154; x_wconf 85' lang='lat' dir='ltr'>sui</span> <span class='ocrx_word' id='word_1_144' title='bbox 811 3082 931 3177; x_wconf 71' lang='lat' dir='ltr'>dedig.</span> 
     </span>
    </p>

    <p class='ocr_par' dir='ltr' id='par_1_10' title="bbox 78 3196 1028 3528">
     <span class='ocr_line' id='line_1_25' title="bbox 78 3196 948 3295; baseline 0.01 -29"><span class='ocrx_word' id='word_1_145' title='bbox 78 3196 131 3267; x_wconf 83' lang='lat' dir='ltr'>¹ati</span> <span class='ocrx_word' id='word_1_146' title='bbox 156 3197 192 3266; x_wconf 92' lang='lat' dir='ltr'>in</span> <span class='ocrx_word' id='word_1_147' title='bbox 215 3199 338 3270; x_wconf 91' lang='lat' dir='ltr'>humili</span> <span class='ocrx_word' id='word_1_148' title='bbox 366 3200 574 3271; x_wconf 86' lang='lat' dir='ltr'>conditione</span> <span class='ocrx_word' id='word_1_149' title='bbox 600 3202 660 3272; x_wconf 85' lang='lat' dir='ltr'>sua</span> <span class='ocrx_word' id='word_1_150' title='bbox 686 3226 804 3295; x_wconf 80' lang='lat' dir='ltr'>regem</span> <span class='ocrx_word' id='word_1_151' title='bbox 830 3202 948 3289; x_wconf 50' lang='lat' dir='ltr'>suurn¹</span> 
     </span>
     <span class='ocr_line' id='line_1_26' title="bbox 78 3301 1028 3410; baseline 0.003 -28"><span class='ocrx_word' id='word_1_152' title='bbox 78 3301 260 3399; x_wconf 80' lang='lat' dir='ltr'>3hristum‚</span> <span class='ocrx_word' id='word_1_153' title='bbox 281 3341 387 3410; x_wconf 87' lang='lat' dir='ltr'>quam</span> <span class='ocrx_word' id='word_1_154' title='bbox 403 3316 488 3387; x_wconf 90' lang='lat' dir='ltr'>nihil</span> <span class='ocrx_word' id='word_1_155' title='bbox 504 3312 643 3403; x_wconf 82' lang='lat' dir='ltr'>morati,</span> <span class='ocrx_word' id='word_1_156' title='bbox 668 3316 935 3408; x_wconf 70' lang='lat' dir='ltr'>maghadorant</span> <span class='ocrx_word' id='word_1_157' title='bbox 1025 3364 1028 3369; x_wconf 91' lang='lat'><em>-</em></span> 
     </span>
     <span class='ocr_line' id='line_1_27' title="bbox 78 3431 930 3528; baseline -0.001 -28"><span class='ocrx_word' id='word_1_158' title='bbox 78 3447 97 3494; x_wconf 75' lang='lat'>11</span> <span class='ocrx_word' id='word_1_159' title='bbox 117 3432 311 3528; x_wconf 83' lang='lat' dir='ltr'>praesepio,</span> <span class='ocrx_word' id='word_1_160' title='bbox 340 3434 459 3504; x_wconf 84' lang='lat' dir='ltr'>edocti</span> <span class='ocrx_word' id='word_1_161' title='bbox 487 3459 550 3528; x_wconf 90' lang='lat' dir='ltr'>per</span> <span class='ocrx_word' id='word_1_162' title='bbox 574 3434 704 3505; x_wconf 84' lang='lat' dir='ltr'>stellam</span> <span class='ocrx_word' id='word_1_163' title='bbox 732 3458 776 3502; x_wconf 85' lang='lat' dir='ltr'>ex</span> <span class='ocrx_word' id='word_1_164' title='bbox 800 3431 930 3502; x_wconf 59' lang='lat' dir='ltr'>Jacobs</span> 
     </span>
    </p>

    <p class='ocr_par' dir='ltr' id='par_1_11' title="bbox 78 3530 931 3756">
     <span class='ocr_line' id='line_1_28' title="bbox 78 3530 931 3642; baseline 0.005 -26"><span class='ocrx_word' id='word_1_165' title='bbox 78 3544 108 3616; x_wconf 80' lang='lat' dir='ltr'>)e</span> <span class='ocrx_word' id='word_1_166' title='bbox 127 3559 224 3628; x_wconf 79' lang='lat' dir='ltr'>Jacob</span> <span class='ocrx_word' id='word_1_167' title='bbox 249 3563 324 3636; x_wconf 81' lang='lat' dir='ltr'>erit,</span> <span class='ocrx_word' id='word_1_168' title='bbox 353 3563 407 3641; x_wconf 84' lang='lat' dir='ltr'>qui</span> <span class='ocrx_word' id='word_1_169' title='bbox 434 3561 604 3620; x_wconf 75' lang='lat' dir='ltr'>dominetur</span> <span class='ocrx_word' id='word_1_170' title='bbox 623 3530 679 3637; x_wconf 54' lang='lat' dir='ltr'>bl:</span> <span class='ocrx_word' id='word_1_171' title='bbox 707 3548 834 3642; x_wconf 78' lang='lat' dir='ltr'>exigua</span> <span class='ocrx_word' id='word_1_172' title='bbox 855 3549 931 3620; x_wconf 75' lang='lat' dir='ltr'>haec</span> 
     </span>
     <span class='ocr_line' id='line_1_29' title="bbox 78 3665 931 3756; baseline 0.005 -22"><span class='ocrx_word' id='word_1_173' title='bbox 78 3665 203 3749; x_wconf 70' lang='lat' dir='ltr'>[uidem</span> <span class='ocrx_word' id='word_1_174' title='bbox 226 3685 309 3737; x_wconf 92' lang='lat' dir='ltr'>tunc</span> <span class='ocrx_word' id='word_1_175' title='bbox 332 3687 406 3741; x_wconf 83' lang='lat' dir='ltr'>erat</span> <span class='ocrx_word' id='word_1_176' title='bbox 425 3667 579 3744; x_wconf 83' lang='lat' dir='ltr'>scintilla.</span> <span class='ocrx_word' id='word_1_177' title='bbox 597 3679 734 3756; x_wconf 73' lang='lat' dir='ltr'>mysterii</span> <span class='ocrx_word' id='word_1_178' title='bbox 755 3666 877 3746; x_wconf 68' lang='lat' dir='ltr'>Colias,</span> <span class='ocrx_word' id='word_1_179' title='bbox 903 3667 931 3743; x_wconf 80' lang='grc' dir='ltr'>Ι,</span> 
     </span>
    </p>

    <p class='ocr_par' dir='ltr' id='par_1_12' title="bbox 82 3785 933 3874">
     <span class='ocr_line' id='line_1_30' title="bbox 82 3785 933 3874; baseline 0.004 -20"><span class='ocrx_word' id='word_1_180' title='bbox 82 3785 115 3854; x_wconf 91' lang='grc'>6.</span> <span class='ocrx_word' id='word_1_181' title='bbox 147 3794 233 3874; x_wconf 81' lang='lat' dir='ltr'>quod</span> <span class='ocrx_word' id='word_1_182' title='bbox 252 3794 460 3854; x_wconf 76' lang='lat' dir='ltr'>absconditum</span> <span class='ocrx_word' id='word_1_183' title='bbox 474 3792 547 3872; x_wconf 78' lang='lat' dir='ltr'>flait</span> <span class='ocrx_word' id='word_1_184' title='bbox 576 3813 597 3853; x_wconf 84' lang='lat' dir='ltr'>u</span> <span class='ocrx_word' id='word_1_185' title='bbox 612 3793 732 3872; x_wconf 73' lang='lat' dir='ltr'>faculis</span> <span class='ocrx_word' id='word_1_186' title='bbox 755 3805 785 3855; x_wconf 79' lang='lat' dir='ltr'>et</span> <span class='ocrx_word' id='word_1_187' title='bbox 808 3813 933 3868; x_wconf 77' lang='lat' dir='ltr'>generu-</span> 
     </span>
    </p>
   </div>
   <div class='ocr_carea' id='block_1_3' title="bbox 78 3904 934 4128">
    <p class='ocr_par' dir='ltr' id='par_1_13' title="bbox 78 3904 934 4128">
     <span class='ocr_line' id='line_1_31' title="bbox 78 3904 934 4029; baseline 0.004 -59"><span class='ocrx_word' id='word_1_188' title='bbox 78 3904 212 3971; x_wconf 74' lang='lat' dir='ltr'>Touilrus:</span> <span class='ocrx_word' id='word_1_189' title='bbox 232 3927 309 3971; x_wconf 83' lang='lat' dir='ltr'>nunc</span> <span class='ocrx_word' id='word_1_190' title='bbox 327 3923 431 3973; x_wconf 83' lang='lat' dir='ltr'>autem</span> <span class='ocrx_word' id='word_1_191' title='bbox 450 3911 646 3990; x_wconf 56' lang='lat' dir='ltr'>manufestum</span> <span class='ocrx_word' id='word_1_192' title='bbox 670 3909 844 4029; x_wconf 62' lang='lat' dir='ltr'>estsunctis&#39;</span> <span class='ocrx_word' id='word_1_193' title='bbox 858 3917 934 3993; x_wconf 69' lang='lat' dir='ltr'>erus,</span> 
     </span>
     <span class='ocr_line' id='line_1_32' title="bbox 95 4051 751 4128; baseline 0.005 -21"><span class='ocrx_word' id='word_1_194' title='bbox 95 4053 127 4128; x_wconf 80' lang='lat' dir='ltr'>a)</span> <span class='ocrx_word' id='word_1_195' title='bbox 150 4051 214 4120; x_wconf 72' lang='lat' dir='ltr'>Pag.</span> <span class='ocrx_word' id='word_1_196' title='bbox 241 4065 302 4117; x_wconf 71' lang='lat'>792.</span> <span class='ocrx_word' id='word_1_197' title='bbox 404 4051 433 4123; x_wconf 74' lang='lat' dir='ltr'>b)</span> <span class='ocrx_word' id='word_1_198' title='bbox 456 4053 536 4107; x_wconf 72' lang='lat' dir='ltr'>Nuria.</span> <span class='ocrx_word' id='word_1_199' title='bbox 562 4052 683 4116; x_wconf 81' lang='lat' dir='ltr'><em>XXIV.</em></span> <span class='ocrx_word' id='word_1_200' title='bbox 711 4071 751 4123; x_wconf 84' lang='lat'>19.</span> 
     </span>
    </p>
   </div>
   <div class='ocr_carea' id='block_1_4' title="bbox 0 0 1234 4560">
    <p class='ocr_par' dir='ltr' id='par_1_14' title="bbox 0 0 1234 4560">
     <span class='ocr_line' id='line_1_33' title="bbox 0 0 1234 4560; baseline 0 0"><span class='ocrx_word' id='word_1_201' title='bbox 0 0 1234 4560; x_wconf 95' lang='lat' dir='ltr'> </span> 
     </span>
    </p>
   </div>
  </div>
 </body>
</html>
