2460 4560
460 377 692 397 --—-U

30 594 32 601 Α
61 502 338 587 terrrpersonam
369 485 536 562 novitatis
568 490 605 560 in‘
634 489 830 565 visceribus
863 495 979 573 matris
1007 492 1090 594 pro·¹

62 610 174 704 pheta
199 610 403 679 declaratur.
456 606 632 678 Nondum
655 607 748 678 enim
773 630 875 682 natus
895 615 939 682 ad
960 615 1089 689 sanctae

59 725 197 798 Mariae
223 725 416 797 adventum
444 706 614 795 exultavit
636 724 673 795 in
701 746 802 798 utero
831 729 961 799 matris.
1012 732 1090 803 Jam

59 832 114 914 ibi
138 841 343 936 designatus
366 859 456 912 erat:
485 839 583 915 cuius
611 865 806 936 praecursor
836 864 944 930 esset,
975 866 1090 920 osten·
1156 888 1161 894 -

59 959 181 1046 ditur,
216 978 403 1054 antequam
440 956 485 1029 ab
520 983 563 1028 eo
597 957 785 1031 videretur.
847 959 984 1033 Divina
1010 963 1093 1039 suut

60 1078 162 1163 haec,
204 1091 238 1147 et
261 1100 460 1146 mensuram
486 1074 648 1146 humanae
676 1075 870 1169 fragilitatis
896 1078 1091 1152 excedunt.

60 1192 147 1264 Hoc
184 1191 283 1286 quod
315 1193 446 1264 factum
478 1209 552 1277 est,
590 1191 680 1262 refer
713 1193 759 1263 ad
796 1193 1091 1289 significationem

61 1332 206 1394 rerum,
242 1326 277 1379 et
307 1307 390 1380 vide
416 1334 583 1404 magnum
613 1309 830 1404 mysterium.
899 1311 1090 1385 Zacharias

60 1445 176 1511 tacet,
204 1443 238 1495 et
267 1423 393 1496 amittit
417 1451 568 1512 vocem,
607 1425 723 1498 donec
749 1427 904 1499 Joannes
931 1455 1093 1501 nascere·

64 1563 122 1616 tur
144 1566 343 1638 praecursor
370 1541 544 1628 Domini,
572 1562 606 1614 et
632 1542 784 1638 aperiret
811 1571 951 1618 vocem
966 1549 987 1583 “
1037 1546 1088 1618 Et

60 1680 153 1731 mox
182 1658 420 1769 testimonium
441 1658 528 1730 illud
556 1658 690 1730 Christi
716 1661 760 1730 de
784 1660 816 1732 S.
843 1662 979 1733 Joanne
1000 1687 1086 1758 prae·

62 1801 211 1848 cursore
231 1776 295 1846 suo
321 1801 488 1847 versans:
531 1785 615 1845 Inter
641 1797 731 1846 natos
757 1787 917 1846 mulierum
940 1805 999 1847 non
1014 1787 1087 1867 sur·

62 1905 149 1965 rexit
180 1906 281 1963 maior
309 1902 428 1972 ‚Ioanne
457 1901 628 1979 Baptista
675 1889 738 1976 „si
775 1893 864 1978 hoc,
900 1891 1015 1986 inquit
1052 1895 1086 1967 S.

62 2009 231 2096 Doctor,
271 2007 417 2078 homine
450 2009 567 2078 nullus
606 2005 679 2078 erat
713 2007 825 2080 maior
855 2008 989 2096 homo,
1025 2011 1086 2106 qni

63 2125 177 2197 maior
203 2144 255 2196 est
280 2123 361 2211 ilio,
390 2125 469 2219 plus
494 2143 563 2211 est,
591 2148 696 2219 quam
717 2126 838 2198 homo.
901 2125 1088 2221 Magnum

64 2241 304 2315 testimonium
330 2241 460 2312 Christi
486 2243 535 2312 de
556 2267 593 2313 se
620 2242 723 2337 ips0‚
749 2243 810 2314 sed
833 2241 1087 2338 lippientibus,

63 2378 100 2431 et
126 2358 272 2429 infirmis
298 2359 409 2430 oculis
444 2384 569 2453 parum
605 2359 723 2430 dese
758 2359 963 2431 testificatur
998 2359 1084 2434 dies.

62 2475 201 2548 Infirmi
227 2475 323 2546 oculi
349 2475 442 2546 diem
467 2495 730 2570 expavescunt,
756 2478 936 2546 lucernam
959 2477 1087 2552 ferunt.

63 2594 154 2665 Ideo
174 2591 343 2688 praemisit
357 2594 534 2662 lucernam
554 2592 629 2663 dies
648 2611 827 2664 venturus.
879 2602 1017 2679 Paravi,
1035 2593 1087 2664 in·

63 2710 161 2806 quit,
190 2720 343 2780 lucernam
369 2719 486 2780 Christo
504 2712 589 2794 meo'‚·
615 2709 789 2781 Joannem
810 2707 980 2781 Salvatori
1001 2715 1087 2805 prae·
1119 2761 1121 2768 ·
1168 2783 1170 2789 ,

62 2853 216 2913 eonem,
243 2825 350 2897 iudici
373 2851 628 2921 praecursorem
655 2845 832 2912 venturo,
858 2827 976 2898 futuro
1003 2827 1087 2898 ami·

61 2945 313 3039 cumsponso.
367 2942 458 3035 Quis
487 2970 571 3039 ergo
599 2942 837 3016 testimonium
864 2942 946 3015 huic
973 2942 1086 3039 perhi-

62 3063 149 3147 beat
173 3058 242 3131 diei
267 3060 389 3131 latenti
413 3061 451 3161 ¹in
476 3060 627 3155 quadam
653 3060 749 3132 nube
772 3059 914 3132 carnis?
954 3057 1015 3129 Da
1035 3062 1086 3131 lu·
1146 3086 1165 3124 1

66 3204 208 3250 cernam
231 3195 265 3248 et
285 3195 429 3249 testetur
451 3177 554 3249 diem.
571 3180 592 3211 “
663 3177 808 3273 Nempe
831 3175 888 3248 hic
920 3173 1019 3246 venit
1047 3175 1087 3248 in

65 3293 307 3366 testimonium
325 3267 402 3381 ,iut
429 3293 667 3382 testimonium
690 3294 892 3390 perhiberet
917 3292 961 3362 de
987 3293 1087 3364 lumi-

60 3438 149 3499 ne·
181 3410 241 3482 Ex
259 3410 356 3482 Luca
373 3411 603 3505 Evangelista
629 3410 814 3496 discimus,
845 3427 987 3503 ‘patrem
1007 3408 1087 3484 >eius
1125 3472 1129 3479 .

63 3526 272 3601 Zachariam
293 3527 512 3599 sacerdotem
532 3526 659 3613 fuisse,
687 3526 761 3612 cui,
789 3551 899 3613 „cum
928 3526 1088 3621 sacerdo·
1147 3588 1150 3594 .

61 3646 115 3718 tio
142 3645 348 3740 fungeretur
374 3645 412 3714 in
443 3644 569 3716 ordine
603 3643 691 3717 vicis
726 3645 795 3715 fuae
823 3663 903 3716 ante
938 3643 1086 3732 Deum,

63 3762 261 3834 secundum
286 3761 581 3834 consuetudinem
602 3760 787 3834 sacerdotii
810 3762 861 3834 sui
886 3782 951 3833 etc.
981 3788 1087 3858 appa·
1121 3819 1124 3825 »

63 3879 137 3951 ruit
172 3882 317 3974 angelus
353 3877 505 3951 Domini
542 3879 633 3950 stans
661 3905 689 3950 a
724 3878 855 3980 dexstris
891 3878 1004 3950 altaris
1035 3879 1087 3948 in-

67 3995 172 4068 censi.
190 3997 212 4083 ‘f
270 3995 315 4068 Ei
341 3996 387 4068 ad
414 4017 644 4113 conspectum
670 3997 795 4093 'angeli
830 3994 996 4093 exterrito
1029 3995 1087 4067 de·

1044 373 1158 436 13-
