2460 4560
488 328 719 366 ῃ
786 359 787 362 ,
1018 290 1022 319 l

578 443 581 451 Δ
1044 365 1112 436 ¹73

82 496 189 569 sicuti
218 512 289 580 est,
318 510 352 565 et
373 493 526 564 revelata
550 490 638 563 lacie
662 490 856 598 amabimus
883 509 974 566 etim.
1025 497 1116 596 My.

81 616 234 688 sterium
265 609 399 682 hocin
434 611 518 680 loco
545 610 714 702 parallelo
748 609 854 682 nobis
884 611 967 680 alibi
993 617 1116 706 pandit

83 731 185 803 idem
214 727 362 800 dilectus
392 723 524 796 Christi
554 722 748 819 discipulus
784 725 881 797 hisce
912 728 1029 799 verbis
1055 731 1113 821 al:

85 900 111 934 „
121 847 275 931 Videte,
302 846 442 938 qualem
463 835 668 914 charitatem
686 839 786 912 dedit
805 842 910 914 nobis
932 843 1054 933 Pater,
1078 868 1117 920 ut

82 965 152 1038 filii
176 961 252 1034 Dei
276 960 502 1043 nominemur
526 977 561 1028 et
585 957 700 1028 fimus.
752 957 903 1054 Propter
927 962 996 1034 hoc
1018 991 1118 1036 mun·

83 1082 157 1153 dus
180 1106 256 1151 non
281 1077 383 1150 novit
409 1101 495 1147 nos:
533 1073 614 1168 quia
641 1100 717 1145 non
745 1076 847 1146 novit
873 1103 963 1148 eum.
1016 1078 1118 1152 Cha.

83 1197 249 1282 nissimi,
276 1218 374 1266 nunc
402 1190 465 1263 filii
493 1188 568 1261 Dei
592 1190 729 1262 sumus}
759 1212 794 1263 et
823 1193 983 1264 nondum
1009 1218 1119 1294 appa.

84 1315 177 1399 ruit,
194 1311 294 1408 -quid
323 1311 462 1380 erimus.
513 1306 672 1393 Scimus,
699 1307 866 1402 quoniam
897 1335 977 1382 cum
1008 1340 1130 1411 appa-²

85 1431 219 1515 tuerit,
251 1427 376 1498 similes
396 1425 428 1496 ei
448 1423 594 1511 erimus,
621 1425 790 1518 quoniam
810 1426 1012 1500 videbimus
1035 1459 1115 1506 eum

87 1546 190 1622 ficuti
218 1566 280 1621 est.
329 1543 378 1615 Et
398 1542 536 1627 omnis,
557 1539 618 1636 qui
639 1541 747 1613 habet
767 1543 865 1613 hane
882 1545 977 1640 spem
1002 1547 1039 1618 in
1060 1561 1116 1637 en,

85 1663 287 1758 sanctificat
307 1687 369 1748 se,
397 1660 484 1731 ficut
508 1678 543 1729 et
560 1657 619 1728 ille
640 1658 779 1729 [anctus
802 1678 864 1729 est.
880 1663 901 1698 “
953 1662 1044 1754 Quae
1064 1685 1124 1748 est
1171 1648 1189 1735 f

90 1802 211 1854 autem
243 1798 364 1850 nostra
393 1776 430 1846 in
451 1774 533 1853 ,hac
561 1775 623 1871 spe
653 1772 906 1862 sanctificatio,
943 1778 1010 1849 nisi
1037 1807 1118 1875 pro.

87 1899 205 1971 fectus
235 1887 409 1968 charitatis
439 1890 568 1965 nostrae
597 1883 636 1960 i'n
660 1885 728 1963 hac
756 1890 858 1964 vita‘?
896 1880 973 1988 qua¹
992 1894 1029 1965 in
1059 1900 1132 1973 vi-a'

89 2017 211 2114 fumus
244 2031 412 2109 tanquam
443 2005 506 2081 filii
534 2003 608 2090 Dei
643 2008 688 2080 ad
718 2008 867 2105 patriam
897 2031 1052 2085 nostram
1080 2016 1119 2088 in

91 2132 211 2221 coelis,
238 2130 300 2203 ubi
327 2125 573 2213 evacuabitur,
600 2127 701 2220 quod
723 2126 969 2223 imperfectum
1000 2151 1051 2204 est
1080 2132 1118 2204 in

90 2250 285 2332 charitate,
313 2271 390 2342 quae
409 2245 511 2317 iuxta
535 2246 737 2341 apostolum
757 2241 797 2334 b)
823 2268 1037 2341 „nunquam
1059 2274 1118 2322 ex-

92 2367 202 2451 cidit,
237 2365 309 2436 live
336 2361 533 2458 prophetiae
563 2361 853 2447 evacuabuntur,
889 2361 959 2434 sive
986 2365 1117 2460 linguae
1174 2434 1176 2438 r

92 2482 306 2567 cessabunt,
330 2479 401 2553 five
422 2477 565 2550 scientia
582 2477 790 2549 destruetur.
827 2477 885 2548 Ex
904 2499 1003 2574 parte
1024 2483 1119 2556 enim

92 2597 372 2694 cognoscimus,
413 2613 461 2666 ett
482 2621 527 2666 ex
556 2612 654 2689 parte
695 2593 957 2689 prophetamus.
1023 2598 1119 2671 Cum

94 2736 215 2788 autem
234 2715 391 2799 venerit,
419 2711 519 2806 quod
548 2711 742 2806 perfectum
772 2727 842 2798 est,
870 2713 1119 2804 evacuabitur,

94 2832 201 2928 quod
225 2839 389 2926 exparte
418 2846 480 2902 est.
531 2827 625 2899 Cum
647 2853 759 2899 essem
786 2833 972 2922 parvulus,
996 2835 1121 2928 loque·
1176 2911 1179 2919 ,

95 2949 162 3021 bar
194 2966 235 3019 ut
263 2949 454 3043 parvuluS,
485 2944 662 3041 sapiebam
695 2963 735 3014 ut
764 2947 955 3040 parvulus,
990 2949 1120 3044 cogita,

95 3066 182 3151 bam
205 3083 246 3136 ut
267 3066 442 3159 parvulus.
494 3061 653 3154 Quando
674 3081 791 3134 autem
812 3046 1018 3139 lactus,lum
1041 3066 1119 3154 vir,
1206 3049 1209 3053 ¹

97 3180 292 3267 evacuavi,
317 3199 395 3275 quae
424 3199 523 3250 erant
541 3179 688 3275 parvuli.
740 3171 914 3250 Videmus
941 3207 1035 3254 nunc
1056 3210 1121 3279 per

93 3299 280 3396 speculum
310 3296 352 3372 in,
375 3295 582 3390 aenigmate:
607 3316 706 3368 'tunc
739 3317 855 3368 autem
885 3296 972 3380 facie
1002 3299 1047 3369 ad
1075 3303 1122 3372 la-

96 3415 201 3488 ciem.
269 3412 379 3486 Nunc
416 3438 599 3507 cognosco
642 3438 688 3483 ex
725 3431 845 3507 parte,
883 3430 967 3484 tunc
1003 3437 1123 3490 autem
1204 3480 1205 3484 ,

97 3555 338 3627 cognoscam,
373 3531 527 3615 ficutet
561 3529 726 3624 cognitus
762 3530 886 3599 sum,“
952 3529 1017 3602 Est
1049 3534 1122 3608 hoc

96 3647 327 3746 mysterium,
355 3647 400 3747 de
431 3672 504 3742 quo
529 3644 623 3718 idem
652 3648 835 3742 apostolus
865 3643 932 3716 iam
962 3647 1057 3745 prius
1083 3651 1123 3722 in

97 3765 226 3853 eadem
254 3752 402 3861 epistola
425 3767 564 3836 loeutus
586 3764 700 3835 fuerat
724 3761 761 3832 in
785 3765 951 3856 parallelo
979 3791 1124 3860 quoque

97 3887 210 3969 locu,
239 3880 369 3954 ultimis
394 3879 460 3954 illis
482 3880 619 3976 ‚Christi
646 3880 684 3951 in
711 3878 885 3954 Oratione
915 3881 960 3952 ad
983 3880 1122 3984 Patrem

142 4033 174 4108 a>
196 4030 222 4094 1.
245 4029 292 4098 ro.
315 4031 373 4095 ιιι.
398 4046 423 4095 ι.
495 4004 540 4111 ἰ)
563 4028 587 4096 ι.
614 4033 670 4094 or.
692 4029 778 4090 ιιιιι.
801 4040 827 4094 a
