2460 4560
418 349 423 375 ι
488 313 722 384 —

1065 343 1113 414 75

91 474 163 548 eius
191 466 375 568 tangendo
403 496 547 548 manum
571 470 662 548 febri
685 468 877 547 liberasset.
928 470 1013 548 Nec
1037 500 1113 570 my·

92 591 198 663 sterio
221 611 333 680 caret,
361 588 460 684 quod
486 613 573 663 mox
603 608 705 663 antea
730 581 940 688 promiserat
968 615 1005 663 se
1026 617 1112 663 ven*

92 727 226 794 turum,
247 726 287 784 ut
305 732 454 807 puerum
476 705 704 782 Centurionis
725 705 864 804 gentilis
882 704 1112 804 paralyticum

92 843 253 900 curaret;
287 832 352 908 Ego
375 834 520 913 veniam,
547 841 578 896 ct
604 832 716 891 curabo
742 850 819 895 enm.
886 821 998 913 Quasi
1023 848 1113 894 vern

92 938 302 1015 oeconomiae
321 938 506 1032 Evangelii
528 937 661 1014 Christi
681 938 725 1011 ad
743 939 837 1014 solos
857 938 999 1015 Judaeos
1016 937 1113 1009 missi

91 1057 189 1129 haud
212 1056 355 1151 ignarus
375 1054 548 1134 Centurio
574 1055 780 1149 respondit:
809 1063 937 1129 Domine
962 1083 1021 1128 non
1035 1062 1112 1142 snm

89 1186 220 1259 dignus,
260 1194 295 1245 ut
323 1184 418 1242 intres
435 1180 499 1260 snb
528 1192 642 1248 tectum
671 1197 793 1254 meum,
819 1179 881 1263 sed
908 1193 1030 1246 tantum
1061 1180 1112 1242 dic

90 1301 204 1375 verbe,
242 1310 273 1365 et
286 1296 454 1376 sanabitur
473 1315 554 1378 puer
580 1293 671 1377 meus.
723 1285 823 1362 Dum
854 1313 984 1387 nempe
1009 1286 1111 1358 Chri·

91 1384 164 1478 itus
199 1407 381 1501 apostolos
415 1403 462 1476 ad
494 1403 757 1500 praedicendum
789 1403 913 1502 misit,
941 1403 1110 1505 praecepit

93 1522 140 1593 eis
161 1516 220 1610 a):
250 1531 286 1598 ln
305 1533 395 1597 viam
411 1533 547 1605 gennem
568 1515 759 1596 neutericis
779 1543 835 1597 etc.
859 1520 904 1597 de
923 1546 960 1597 se
981 1543 1109 1608 autern,

96 1648 164 1708 Non
175 1645 253 1726 snm
273 1648 403 1722 missus,
430 1635 478 1712 ait
501 1632 559 1728 b),
586 1647 711 1710 eistad
733 1666 824 1728 oves,
852 1663 915 1728 qua
931 1649 1108 1730 perierunt,

91 1767 200 1825 domus
218 1763 332 1829 Israel:
356 1751 417 1823 Ad
435 1756 616 1853 apostolos
637 1755 776 1828 locutus
798 1753 841 1825 de
859 1752 1005 1826 muliere
1026 1777 1111 1846 gen-

90 1872 164 1961 tili,
200 1894 278 1965 quae
308 1869 453 1971 petebat
475 1867 582 1945 filiam
610 1894 631 1940 a
657 1870 820 1941 daemone
849 1867 1010 1954 liberari,
1047 1869 1111 1940 du·

91 1987 161 2059 rius
190 1987 433 2086 respondens,
461 1984 528 2057 ait:
571 1995 638 2059 Non
662 2006 707 2082 e,st
728 1996 838 2056 bonnm
851 1993 975 2073 sumere
994 2012 1110 2076 panem

84 2112 248 2192 filiorum,
273 2124 304 2179 et
329 2115 450 2173 mittere
479 2110 612 2175 conitus.
662 2099 727 2181 ¹Ut
752 2128 880 2197 nempe
905 2102 1011 2177 fidem
1036 2122 1108 2174 ten·

89 2239 190 2291 taret.
241 2216 321 2304 „At
342 2218 400 2290 itta
420 2218 530 2290 dixit:
558 2218 673 2290 Etiam
701 2218 865 2291 domine:
895 2247 975 2293 nam
999 2240 1034 2293 et
1054 2247 1107 2293 ca·

92 2337 164 2409 telli
188 2337 300 2413 edunt
322 2335 367 2409 de
386 2335 503 2422 micis,
529 2360 607 2431 quae
630 2336 762 2411 cadunt
785 2336 828 2406 de
852 2363 972 2411 mensa
995 2336 1107 2408 domi·

91 2478 220 2526 norum
246 2453 397 2528 [uorum.
455 2452 565 2527 Tunc
588 2452 809 2547 respondens
837 2453 934 2524 Jesus
962 2452 1010 2524 ait
1032 2452 1117 2535 illit,

90 2569 126 2642 Ο
148 2569 293 2656 mulier,
316 2594 452 2666 magna,
470 2590 521 2642 est
537 2569 625 2641 fides
648 2587 727 2639 tua:
749 2568 812 2644 fiet
831 2568 912 2655 tibi,
936 2568 1022 2640 ficut
1037 2569 1103 2642 vis.

90 2687 137 2767 Et
157 2687 278 2759 sanata
296 2706 348 2758 est
369 2685 440 2759 fitia
462 2686 534 2757 eius
559 2711 604 2756 ex
626 2685 684 2755 illa
706 2684 851 2769 hora;“
878 2684 932 2755 Sic
957 2686 1001 2759 de
1026 2711 1107 2756 cen·

91 2803 233 2880 tutione
258 2802 483 2900 sequentibus
509 2829 545 2873 se
578 2801 686 2887 dixit,
713 2800 863 2887 miratus
882 2801 989 2876 fidem
1014 2801 1107 2875 illius

91 2919 242 3006 „Amen
269 2919 351 2993 dico
374 2918 508 3006 vobis,
528 2944 601 2990 non
631 2917 751 2989 inveni
777 2937 907 2989 tantam
937 2919 1043 2990 fidem
1068 2919 1104 2990 in

92 3036 218 3114 Israel:
247 3033 343 3108 Dico
365 3054 480 3110 autem
500 3033 625 3122 vobis,
651 3034 750 3130 quod
772 3034 870 3105 multi
891 3033 935 3106 ab
958 3035 1106 3107 Oriente

92 3171 127 3225 et
155 3151 357 3227 Occidente
383 3151 546 3239 venient,
581 3171 616 3224 et
647 3151 857 3225 recumbent
887 3176 966 3222 cum
995 3151 1107 3223 Abra·

89 3269 194 3355 ham,
223 3289 258 3340 et
285 3267 405 3354 Isaac,
433 3288 468 3340 et
491 3268 601 3343 Jacob
627 3266 664 3339 in
690 3294 801 3362 regno
829 3270 1018 3354 coelorum,
1045 3267 1106 3338 filii

88 3406 207 3461 autem
234 3383 335 3480 regni
360 3384 539 3459 eiicientur
567 3385 604 3457 in
630 3384 791 3459 tenebras
820 3381 1029 3470 exteriores,
1056 3383 1107 3457 ibi

90 3501 154 3574 erit
173 3502 279 3574 fletus
301 3521 335 3573 et
356 3501 481 3576 stridor
507 3500 677 3577 dentium.
726 3500 775 3570 Et
799 3498 889 3572 dixit
912 3499 1009 3572 Jesus
1028 3529 1106 3576 cen·

90 3618 239 3698 tutioni:
278 3618 401 3707 Vade,
438 3639 473 3690 et
501 3618 587 3690 ficut
614 3614 815 3702 credidisti,
850 3616 911 3688 fiat
948 3617 1033 3709 tibi,
1072 3642 1106 3693 et

89 3737 227 3811 sanatus
250 3757 302 3809 est
324 3763 413 3836 puer
440 3737 478 3807 in
503 3735 561 3808 illa
583 3735 682 3808 hora.

127 3971 160 4048 a)
181 3971 283 4028 Matth.
307 3959 344 4028 X
366 3919 392 4040 5,
492 3969 521 4048 b)
542 3968 581 4028 n.
605 3968 670 4034 XV.
694 3985 737 4039 24.
