2460 4560
503 336 752 382 ''¹¹¹¹''
930 319 933 325 ⁵
1079 359 1142 438 st

104 495 146 572 sit
173 497 286 572 illum.
362 491 504 584 Amen,
546 522 649 569 amen
681 498 764 569 dico
794 495 918 585 vobis,
957 497 1039 594 quia
1067 499 1128 594 qui

104 616 251 688 verbum
279 639 399 685 meum
427 614 544 699 audit,
576 634 611 685 et
636 615 746 687 credit
768 615 816 700 ei,
844 603 905 709 qui
931 616 1025 687 misit
1047 643 1126 703 me,

105 732 212 803 habet
235 730 348 803 vitam
376 750 564 816 aeternam,
595 750 629 801 et
655 731 692 801 in
713 731 882 824 iudicium
906 756 983 804 non
1010 731 1128 820 venit,

102 849 161 920 sed
186 847 316 920 transit
342 866 495 920 amorte
520 847 557 917 in
577 845 696 923 vitam

174 1081 325 1155 Nullam
362 1081 522 1156 Christus
550 1084 772 1181 praetermisit
801 1085 1052 1169 occasionem,
1086 1099 1128 1154 ut

101 1197 244 1272 Iudaeos
271 1220 438 1288 terreret,
467 1227 545 1296 quae
578 1203 625 1274 eis
649 1202 889 1289 imminerent,
920 1180 1123 1296 praedicens.

103 1316 197 1387 Cum
221 1316 255 1387 ei
276 1317 501 1389 nunciaretur
524 1320 568 1390 de
597 1319 777 1405 Galilaeis,
814 1344 967 1413 quorum
991 1314 1126 1410 langui·

101 1458 183 1503 nem
211 1430 356 1518 miscuit
390 1433 521 1507 Pilatus
555 1461 639 1508 cum*
668 1435 841 1507 sacrificiis
877 1459 1000 1506 eorum
1037 1432 1124 1504 Luc.

102 1548 205 1620 XIII.
229 1573 262 1624 2.
316 1559 505 1640 Respondeas
530 1562 614 1624 dixit
640 1566 707 1624 eis:
734 1563 879 1627 Putatis,
907 1560 1043 1640 quodni
1070 1560 1129 1619 Gu-

101 1676 168 1736 lilei
181 1692 248 1756 pra
274 1673 413 1738 omnibus
435 1679 564 1738 Goiilaeis
584 1690 761 1758 peccatores
780 1677 923 1755 fuerint,
949 1678 1025 1764 qreia
1049 1674 1146 1754 tolio³

97 1795 184 1873 possi
196 1790 302 1872 stou?
333 1795 418 1870 Non,
433 1796 501 1856 dico
521 1795 627 1855 uobis:
643 1794 705 1872 sed
716 1797 774 1854 nisi
789 1794 1003 1872 penitentia-m
1020 1790 1130 1850 hahue-

102 1913 203 1985 τίείς,
220 1928 322 1972 omnes
341 1907 439 1986 stmul
459 1911 612 1991 peribitis.
676 1898 730 1981 Sic
757 1899 990 1992 interrogatus
1017 1922 1038 1968 a
1063 1894 1129 1965 dis-

103 2013 229 2112 cipulis
256 2017 301 2088 de
326 2042 422 2089 caeco
451 2036 535 2087 nato
559 2015 613 2089 Io.
637 2016 702 2087 IX.
734 2041 765 2090 2.
829 2023 943 2101 Ratis,
971 2025 1040 2104 quis
1055 2041 1127 2102 pec·

101 2144 209 2219 cauit,
228 2143 298 2219 hic,
325 2155 383 2204 out
398 2154 543 2231 putentes
560 2146 650 2219 sius,
679 2156 714 2205 ut
732 2159 822 2203 cecus
850 2112 1046 2203 nosceretui?
1073 2137 1129 2200 Ke-

101 2261 228 2341 spondit
249 2258 359 2330 Jesus:
392 2261 495 2341 Neque
507 2259 732 2339 inspectavit,
759 2269 1018 2341 aequepotentes
1039 2258 1127 2350 eius.-
1195 2273 1200 2279 ·

92 2376 156 2454 sed
182 2389 220 2437 ut
241 2376 473 2454 manifestentur
495 2395 588 2456 opera
614 2369 674 2437 Dei
696 2380 728 2436 in
750 2376 813 2437 ilio.
866 2364 956 2456 Quae
977 2365 1058 2458 lunt
1077 2363 1129 2432 lo·

100 2484 174 2584 lius
203 2481 366 2553 omniscii
396 2481 482 2552 Dei.
554 2482 706 2574 Qualem
735 2509 771 2554 se
804 2480 904 2553 etiam
937 2480 973 2548 in
1003 2478 1140 2556 futuris-

101 2599 357 2681 c'onditi0natis
376 2599 533 2686 ostendit
550 2599 685 2671 Matth.
704 2598 771 2668 XI.
790 2598 833 2667 de
852 2595 975 2694 Tyriis
988 2614 1021 2665 et
1031 2593 1137 2681 Sidoq

101 2717 170 2790 niis
200 2716 464 2810 etc.·s1mulque·
493 2742 529 2787 se
553 2716 708 2786 futurum
729 2714 891 2786 iudicem.
937 2710 1049 2806 Apud
1071 2711 1128 2782 lo-

99 2859 235 2906 annem
262 2831 372 2903 modo
403 2832 546 2902 citatum
572 2851 714 2903 testatus
741 2831 880 2902 Patrem
907 2825 1014 2900 omne
1040 2827 1131 2898 iudi.
1173 2868 1180 2879 ι

98 2951 198 3022 cium
221 2948 372 3023 dedisse‘
381 2947 473 3020 Filio
496 2960 611 3034 Amen,
638 2977 745 3035 omen,
773 2948 906 3043 per-git,
930 2959 999 3016 dico
1023 2955 1128 3030 uobis,

99 3079 182 3158 quia
206 3077 294 3135 venit
320 3075 420 3160 liora,
456 3086 488 3136 et
515 3083 591 3137 nunt
617 3087 679 3152 est,
713 3074 836 3156 (Issando
861 3075 976 3134 mortui
1003 3071 1140 3130 aredium

97 3211 212 3253 esocem
238 3190 311 3249 Filii
341 3190 424 3252 Dei:
452 3200 483 3252 tt
511 3194 565 3272 ‘qui
596 3194 771 3268 audierint,
804 3194 922 3252 vivent.
975 3177 1131 3248 Possunt
1158 3272 1171 3281 ‚

96 3301 181 3370 lsaec
199 3296 346 3391 intelligi
370 3297 441 3370 five
462 3297 678 3392 singulariter
701 3300 745 3369 de
768 3296 826 3382 iis,
846 3297 905 3391 qui
926 3314 1146 3388 resurgente
1188 3378 1192 3383 .

98 3397 266 3488 Christo
283 3414 383 3485 simul
413 3434 517 3486 erant
540 3413 767 3486 resurrecturi
781 3432 790 3498 ,’
805 3403 889 3483 ιίινε
915 3408 1141 3506 complexim.

97 3535 148 3606 ele
172 3531 428 3607 resurrectione
452 3532 528 3616 illa,
557 3531 602 3601 de
630 3557 699 3625 qua
728 3549 851 3624 postea
867 3550 870 3557 ·
887 3520 1047 3599 Clrristus
1066 3526 1139 3618 o):-
1213 3517 1220 3524 ⁶

96 3659 171 3719 Hac
196 3669 242 3718 est
268 3670 371 3719 cutem
394 3659 542 3725 voluntas
565 3661 652 3733 eius,
681 3658 735 3737 qui
761 3658 847 3717 misit
869 3674 935 3732 me,
963 3669 998 3716 ut
1020 3675 1138 3730 omne,-

95 3775 188 3857 ‹Juod
206 3775 291 3834 dedit
308 3775 385 3834 milii
396 3820 405 3850 ‚
433 3793 491 3835 non
508 3775 638 3853 persium
659 3791 698 3834 ex
716 3792 767 3850 eo,
778 3771 841 3850 sed
859 3777 1031 3834 resuscitem
1051 3771 1130 3838 illud
1176 3852 1178 3858 y

95 3895 133 3951 isa
159 3877 328 3950 noniisimo
357 3885 415 3957 die,
469 3881 629 3972 Quando
656 3907 785 3977 nempe
810 3877 847 3971 o)
875 3891 972 3957 Filius
997 3890 1127 3948 hominis
1149 3859 1154 3906 γ’

143 4029 175 4104 a)
194 4028 240 4095 Jo.
265 4028 314 4109 VI.
337 4041 383 4096 39·
472 4031 501 4105 b)
521 4022 632 4088 Missu—
646 4030 724 4088 XVI
737 4047 792 4100 ez.
