2460 4560
500 287 735 331 ιιι-ιι-
1055 326 1123 395 ¹45

102 449 312 549 arguend0'3
350 465 431 523 cum
465 447 548 522 caeci
582 456 618 520 et
652 449 747 521 surdi
782 462 897 523 essent
928 451 972 524 ad
1005 456 1127 529 omniu

102 571 288 655 miracula,
315 594 427 640 unum
459 567 599 652 adhuc,
627 565 717 637 dum·
735 566 805 637 iam
833 567 939 640 ineo
968 591 1059 660 erat,
1086 593 1144 655 ut¹

103 691 261 784 expleret
283 712 375 782 opus
397 681 654 779 redemptionis
676 703 825 769 nostrae,
849 684 974 757 urbem
1000 688 1126 762 Hieroa

100 803 349 900 solymitanam
376 802 621 896 ingressurus,
657 821 896 872 reservaverat
918 802 1026 898 idque
1053 831 1126 875 om-¹

100 924 197 993 nium
222 919 415 990 maximum
435 918 471 989 in
496 915 667 988 Bethania
687 919 896 1012 patrandum
918 919 1125 994 miraculum

98 1057 214 1134 prope
240 1036 364 1108 urbem
383 1035 671 1128 Hierosolymam
693 1033 934 1108 resuscitando
953 1037 1126 1111 Lazarum

98 1157 142 1227 ad
168 1153 305 1239 vitam,
330 1172 439 1247 atque
468 1178 486 1224 e
514 1153 674 1237 tumulo,
710 1150 847 1246 inquo
875 1153 944 1224 iam
971 1176 1124 1251 quatuor

81 1271 227 1344 diebus
254 1273 404 1342 latuerat
433 1288 619 1354 mortuus,
653 1267 772 1340 multis
807 1271 1038 1364 praesentibus
1067 1274 1125 1346 Ju-

98 1388 204 1473 daeis,
231 1386 293 1482 qui
318 1404 492 1459 venerant
519 1384 564 1456 ad
592 1387 827 1457 consolandas
850 1388 1009 1474 forores3
1037 1387 1125 1464 dum

99 1505 154 1577 alii
181 1523 310 1600 postea
335 1525 500 1598 quoque,
537 1520 577 1572 ut
606 1501 853 1597 conspicerent
874 1506 918 1575 ad
943 1506 1051 1579 vitam
1074 1536 1127 1582 re·

97 1631 307 1705 vocatum,
329 1619 483 1693 certatim
522 1642 567 1688 ex
603 1618 692 1688 urbe
727 1639 936 1706 accurrunt,
978 1623 1124 1717 quidam

97 1765 183 1811 vero
209 1736 310 1833 quod
337 1737 406 1808 suis
433 1734 544 1807 oculis
565 1732 745 1820 viderant,
773 1737 982 1807 renunciant
1006 1737 1126 1809 Phari·¹

96 1855 200 1940 saeis,
229 1872 265 1924 et
284 1852 550 1937 'sacerdotibus,
585 1848 635 1919 ob
659 1849 751 1922 hanc
775 1875 849 1921 rem
875 1851 1125 1948 colligentibus

97 1969 301 2046 concilium.¹

174 2187 269 2298 Quis
288 2229 363 2276 non
381 2187 449 2276 ‘sibi
464 2201 502 2274 in
523 2185 677 2275 animum
692 2181 893 2290 induceret,
918 2184 1122 2281 ludaeorum

95 2322 244 2394 tandem
260 2334 456 2406 commotas
470 2348 544 2394 esse
555 2341 702 2408 mentes,
712 2341 817 2416 atque
833 2325 1024 2410 convictas,
1036 2325 1123 2398 dunt

94 2442 292 2511 solemnem
307 2437 376 2508 iam
392 2439 492 2510 suum
507 2438 704 2534 ingressum
724 2458 869 2534 parante
884 2437 1028 2512 Christo
1047 2443 1124 2514 iuxs

95 2575 132 2627 ta
159 2553 385 2652 prophetiam
415 2554 459 2625 ab
483 2556 720 2651 evangelistis
735 2557 800 2627 hac
825 2558 1020 2629 occasione
1038 2561 1124 2630 rela-·

96 2691 169 2744 tam
189 2667 253 2760 a):
282 2670 407 2756 „Ecce
432 2696 496 2741 rex
517 2690 597 2743 tuus
621 2671 721 2743 venit
744 2670 806 2743 tibi
829 2692 1048 2760 mansuetus,
1073 2676 1134 2746 fea

98 2789 188 2860 dens
207 2789 309 2882 fuper
327 2787 459 2858 asinam
479 2787 688 2884 (triumpho
707 2787 873 2883 equidem
886 2789 949 2875 iis,
974 2814 1052 2884 quae
1070 2792 1087 2863 f
1110 2835 1124 2850 ·

97 2923 178 2976 tura
214 2922 335 2989 erant,
376 2904 616 2998 respondente
656 2924 761 2999 atque
783 2930 933 3004 omnem
970 2907 1123 2985 affectati

97 3021 201 3118 regni
226 3021 396 3091 terrestris
422 3019 659 3115 suspicionem
685 3014 910 3111 amoliente).
957 3021 1124 3094 'Plurima

98 3159 218 3210 autem
237 3135 338 3207 turba
362 3136 557 3209 straverunt
584 3138 794 3215 vestimenta
817 3140 878 3209 sua
901 3136 936 3207 in'
958 3137 1036 3221 via;
1064 3118 1121 3209 alii
1153 3204 1156 3211 .

96 3275 218 3326 autem
238 3247 423 3324 caedebant
444 3278 559 3326 ramos
577 3255 623 3325 de·
641 3255 844 3339 arboribus,
868 3273 902 3325 et
921 3253 1122 3330 sternebant

85 3369 134 3440 in
154 3369 236 3441 via:
265 3368 375 3440 turbae
395 3390 534 3455 autem,
555 3395 633 3466 quae
650 3350 935 3465 praecedebant,⁸
949 3388 983 3439 et
1001 3370 1123 3463 seque·

96 3485 230 3558 bantur
252 3485 450 3557 clamabant
471 3486 652 3557 dicentes:
679 3485 852 3556 Ho'sanna
878 3484 952 3555 filio
978 3469 1122 3560 David:
1201 3580 1204 3585 Δ

95 3600 330 3688 benedictus,
360 3603 421 3696 qui
437 3602 536 3676 venit
553 3601 589 3672 in
607 3601 751 3672 nomine
766 3600 935 3671 Dominii
962 3601 1124 3676 hosanna

81 3717 133 3791 in
156 3717 343 3791 altissimis,
379 3718 429 3790 Et-
452 3744 533 3791 cum
551 3718 714 3791 intrasset
733 3717 1007 3816 lerosolymam,-
1029 3748 1124 3794 com·

139 3867 454 3939 a)lllatrb.‘XX1.‘5.
498 3869 544 3936 Jo.
569 3865 638 3928 XII.
664 3868 707 3938 ις’.
741 3952 745 3961 ¹
800 3890 805 3902 ·

131 3967 265 4041 'Toni
292 3967 322 4041 l.»
374 3987 376 3993 ·
732 3965 766 4042 ll
