2460 4560
461 380 692 393 ---.——.-
803 360 807 371 ¹
1038 368 1085 440 15

54 490 146 567 ιιιὶιιῐ
185 487 261 562 Dei
301 486 408 560 Israel
445 500 479 559 in
512 496 635 579 spiritu
682 507 715 562 et
759 501 880 564 virtute·
920 502 992 566 Elia
1038 499 1086 573 ad

57 608 311 694 avertendum,
347 632 393 677 ne
423 606 515 678 forte
543 605 681 694 veniat,—
715 624 750 679 ‘et
773 609 935 698 percutiat
968 634 1084 686 terrum
1123 643 1125 646 ’

52 736 284 811 anathemate,
330 723 430 818 quod
465 732 518 794 est
552 721 591 793 in
632 724 791 796 secundo
833 726 991 799 futurum
1026 732 1086 804 ad·

54 863 193 928 ventu,
228 840 274 912 de
301 865 376 936 quo
402 829 586 926 Christus,
621 839 762 928 „Filius
786 828 971 932 hominis,
1011 846 1084 934 ait,

55 985 142 1032 cum
167 956 324 1045 venerit,
364 973 515 1053 putasne
544 956 693 1031 fidem
684 957 841 1032 inveniet
866 958 904 1030 in
927 961 1087 1034 terris?“

55 1075 166 1149 Circa
187 1073 343 1147 divinam
364 1073 493 1147 scilicet
516 1067 706 1169 Evangelii
730 1064 862 1148 Christi
890 1075 1044 1150 Verbi
1033 1104 1087 1151 rn-

55 1189 192 1266 carnati
222 1189 468 1298 oeconomiam.
509 1188 575 1263 Α
605 1216 677 1287 qua
707 1191 800 1280 fide
835 1219 915 1266 cum
945 1215 1084 1283 essent,
1197 1231 1200 1239 ¹

53 1309 119 1407 qui
146 1306 398 1396 deflecterent,
433 1334 502 1380 ram
524 1307 558 1380 S
587 1307 743 1386 ¹loannes
768 1309 993 1386 antichristos
1018 1338 1084 1388 vo·

55 1443 219 1517 caverat,
245 1425 285 1498 in
309 1425 378 1499 suis
406 1422 617 1523 epistolis}

145 1775 432 1853 CHRISTI
479 1764 995 1853 ANNUNCIATIO.

56 2012 123 2111 1V,
146 1944 263 2084 Idem
301 2009 363 2106 qui
399 1995 579 2083 Zachariae
613 1993 652 2078 in¹
691 2012 855 2106 templo5
898 2028 983 2107 post
1019 2011 1082 2087 sex

55 2155 197 2202 menses
228 2156 250 2202 a
276 2127 364 2200 Deo
395 2127 544 2212 missus,
578 2125 711 2199 Mariae
744 2135 890 2224 quoque
916 2128 1082 2223 apparuit

55 2249 204 2343 angelus
213 2243 358 2317 Gabriel
369 2240 476 2336 ohad
485 2243 688 2343 mysterium
700 2245 957 2318 Incarrittionis
966 2245 1082 2317 Verbi

55 2363 168 2437 divini
190 2356 407 2458 peculialiter
434 2352 575 2434 electus}-
626 2361 696 2434 Sed
718 2360 825 2449 vide5
853 2379 959 2457 quam
981 2385 1082 2434 reve·

54 2499 176 2552 renter
195 2480 349 2550 futuram
371 2475 519 2589 Spiritus
541 2478 658 2552 Sancti
676 2479 861 2574 sponsam5
890 2499 995 2574 atque
1011 2505 1082 2551 rna

48 2599 148 2668 'trem
170 2594 344 2689 unigeniti
364 2582 443 2665 Filii
469 2585 543 2666 Dei
563 2595 709 2667 salutat!
732 2594 842 2682 „Et
832 2609 1009 2701 ingressus
1033 2596 1081 2667 ad

56 2738 136 2784 eam
161 2702 308 2807 angelus
336 2710 445 2783 dixit·
485 2702 567 2783 Ave
592 2710 704 2806 gratia
731 2713 861 2807 plena,-
897 2698 1081 2785 Dominus

54 2851 195 2915 tecum,
221 2827 407 2901 benedicta
424 2825 516 2903 tuin
533 2827 738 2901 mulieribus
755 2823 803 2917 b).
818 2829 840 2860 “
878 2817 941 2898 Ad
958 2829 1080 2900 saluta·

53 2946 193 3020 tionem
211 2931 341 3018 Mariae·
359 2959 474 3016 autem
492 2957 619 3056 postea
635 2954 786 3040 cognata
805 2934 878 3018 eius'
895 2945 1080 3018 Elisabeth

54 3064 230 3158 „repleta
261 3050 391 3171 Spiritu
426 3061 460 3133 8
491 3051 702 3149 exclamavit
728 3072 820 3138 voce
856 3086 1007 3158 magna,
1045 3079 1081 3134 et

58 3179 171 3251 dixit·
209 3177 427 3251 Benedictus
464 3179 599 3254 fructus
632 3168 765 3254 ventris
796 3176 894 3250 tui‘
955 3176 1079 3270 Quare

58 3321 167 3368 nemo
193 3295 265 3366 iam
290 3295 438 3390 virginis
470 3295 655 3368 modestiae
682 3299 774 3367 male'
803 3313 938 3381 vertet,
978 3295 1080 3389 quod

54 3413 95 3487 in
119 3408 184 3486 suo
210 3412 348 3486 cantico
375 3411 473 3484 haud
501 3399 637 3498 oblita,
663 3429 793 3506 atque,
820 3410 907 3505 quid
937 3436 982 3483 ex
1013 3436 1081 3500 se,

56 3550 93 3603 et
121 3528 282 3625 quidex
307 3529 419 3625 gratia
445 3547 538 3601 esset
562 3533 777 3613 contestata,¹
804 3526 906 3617 dicit:
947 3527 1080 3622 „Quia

55 3646 214 3744 respexit
241 3634 474 3720 humilitatem
496 3633 631 3718 ancillae
654 3631 748 3732 suae3
776 3659 858 3716 ecce
881 3647 995 3718 enim!
1033 3671 1080 3717 ex

57 3766 129 3836 hoc
144 3764 284 3837 beatam
303 3775 360 3837 me*
381 3748 502 3835 dicent
521 3774 646 3836 omnes
665 3762 951 3858 generationes·.“
979 3762 1080 3835 Post·

56 3904 166 3980 quam
192 3879 360 3955 nimirum
375 3879 531 3953 'turbatae'
565 3879 825 3979 cogitantique,
853 3879 963 3977 qualis
990 3896 1080 3952 esset

98 4033 211 4111 nnuc.
231 4027 260 4091 1.
284 4034 328 4089 ιθ.
422 4030 507 4106 ὺ)1ὺ,
529 4039 573 4092 28.
