2460 4560
230 364 338 462 ‘248'
392 345 398 359 '
571 354 800 402 ⁸-—

111 512 226 595 carim
250 518 373 593 David
400 541 487 592 vero
518 514 654 589 dudum
684 516 816 588 throno
847 514 992 590 deiecta
1027 517 1118 616 inops

143 637 193 692 ¹&
250 656 323 709 erat
346 656 381 706 et
404 633 558 719 abiecta:
587 631 634 704 ita
658 652 698 704 ut
720 652 823 720 natus
849 658 897 717 ex
925 633 988 706 illa
1014 635 1121 724 Chris·

94 750 233 825 W*
251 773 306 843 tus
333 775 407 839 non
427 750 592 836 haberet,
618 747 682 823 ubi
701 768 809 844 caput
835 750 1051 839 reclinaret,
1072 779 1120 824 na·

249 888 304 947 tus
337 866 375 954 in
412 865 576 954 stabulo,
618 850 824 960 positusque
860 865 901 953 in
941 868 1117 966 praesepio.

249 983 410 1073 Tantum
436 1008 524 1073 vero
551 981 669 1071 abest,
695 995 734 1068 u‘t
763 979 961 1075 aliquando
992 985 1120 1073 ¹faculta-

247 1120 324 1185 tes,
361 1125 528 1196 pompam
561 1118 595 1168 et
624 1086 849 1192 splendorem
877 1097 988 1186 huius
1015 1090 1118 1173 saeculi

249 1216 397 1303 ambiret
417 1213 571 1292 Messias
594 1210 735 1299 mundi,
762 1231 801 1298 ut
824 1213 949 1308 pdtius
976 1236 1118 1303 contem·
1153 1294 1156 1309 1

249 1355 324 1406 turn
362 1332 620 1422 mundanarum
656 1353 773 1400 rerum
811 1328 979 1417 docuerit
1016 1320 1115 1404 verbo
1153 1332 1157 1411 l

237 1468 355 1543 atque
386 1449 550 1543 exemplo
563 1489 575 1532 ‚·
616 1442 779 1541 pauperis
812 1443 904 1529 filius
941 1447 1056 1536 fabri,
1087 1467 1118 1520 ut
1154 1434 1157 1443 ¹

247 1565 459 1662 putabatur,
494 1562 648 1658 loseph,
684 1558 743 1655 qui
769 1559 919 1640 artificio
944 1565 1013 1637 suo
1042 1564 1116 1653 fibi,

248 1681 380 1773 Mariae
408 1706 447 1754 ac
472 1679 554 1771 lesu
579 1678 713 1752 victum
740 1677 897 1772 parabat,

341 1913 424 1986 Huc
461 1911 614 2009 pertinet
652 1908 860 2004 genealogia
896 1913 997 2007 apud
1032 1913 1117 1986 Mat·

248 2031 379 2119 thaeum
406 2027 444 2117 a)
465 2012 519 2116 ad
544 2026 676 2122 loseph
704 2046 837 2122 patrem
862 2026 1000 2111 Christi
1022 2029 1116 2104 nuni·

202 2142 228 2178 ·’
248 2147 335 2235 tiurn
365 2145 539 2229 deducta,
575 2143 633 2236 qui
665 2140 796 2232 ibidem
827 2146 1052 2229 mox'etiam
1079 2145 1117 2217 ab

248 2263 376 2355 angelo
410 2261 502 2349 filius
532 2258 654 2330 David
685 2262 940 2356 compellatum
980 2262 1039 2334 cui
1063 2261 1118 2335 luit

247 2377 445 2467 ¹fecundum
466 2379 578 2468 legem
604 2376 743 2460 lVlaria,
769 2360 850 2471 ipsa
873 2375 979 2448 etiam
1005 2405 1050 2451 ex
1073 2404 1117 2450 ea·

246 2492 328 2563 dem
348 2492 568 2579 descendens
589 2491 680 2563 tribu
693 2479 837 2579 Juda'et
856 2492 992 2577 familia
1011 2497 1117 2583 lecun·

248 2608 333 2682 dum
351 2609 502 2697 Lucam,
523 2580 751 2702 desponsata:
771 2607 977 2704 placuitque
998 2612 1115 2684 divina

245 2721 422 2821 sapientia
442 2728 536 2797 hune
554 2724 789 2819 generationis
809 2723 944 2796 Christi
961 2728 1115 2813 ordinem

246 2841 485 2928 admirabilem
508 2842 613 2924 inire:
640 2865 713 2934 quo
734 2841 832 2927 srmul
856 2842 1060 2938 prophetiae
1081 2842 1117 2914 de

245 2978 356 3048 matre
387 2957 523 3052 virgine
556 2976 731 3044 constaret
762 2950 933 3045 veritas,¹
955 2959 1116 3056 alterique

248 3073 294 3142 de
322 3073 438 3145 danda
468 3073 500 3142 ei
526 3074 607 3150 sede
639 3072 761 3163 David
784 3072 889 3186 patris
921 3073 1000 3162 sui,
1029 3074 1117 3172 quod

244 3188 299 3259 ius
325 3188 424 3278 virile
453 3209 548 3259 erat:
588 3189 684 3262 unde
714 3188 815 3278 etiam
843 3191 941 3285 apud
970 3193 1116 3277 eundem

166 3307 168 3313 ’
244 3303 506 3398 Evangelistam
538 3305 683 3378 dicitur:
708 3317 769 3398 Qui
783 3314 855 3392 fuit
878 3314 968 3394 Heli,
997 3309 1117 3382 seilicet

245 3423 353 3520 patris
384 3399 509 3514 lVlariae
538 3423 700 3519 adeoque
728 3421 784 3506 avi
811 3420 955 3510 Christi.
1011 3425 1115 3498 Porro

245 3539 427 3612 hodiernis
462 3526 674 3639 evangelicae
711 3537 864 3626 veritatis
893 3539 1113 3625 irrisoribus,

247 3656 309 3748 qui
327 3654 569 3750 genealogiam
588 3654 682 3750 apud
698 3655 913 3742 Matthaeum
933 3676 968 3728 et
988 3657 1115 3732 Lucan

245 3770 310 3859 fibi
337 3770 539 3863 contrariari
571 3772 688 3843 dicere
714 3771 1036 3863 haud-verentur,
1063 3772 1115 3857 id,

244 3885 345 3980 quod
367 3887 451 3974 olim
473 3889 505 3958 S.
528 3888 768 3986 Hieronymus
789 3886 928 3964 Juliauo
953 3907 1114 3988 apostatae

258 3997 263 4002 ¹
284 4033 314 4109 p)
336 4032 434 4108 Mutth.
457 4035 482 4098 1.
507 4048 553 4095 2'0.
