2460 4560
104 359 127 428 8
495 343 727 424 ,Ξ

102 498 280 584 strandain
302 492 414 576 Verbi
433 489 604 574 incarnati
632 485 852 577 divinitatem
875 486 1057 600 pertinent
1079 497 1129 578 ab

105 610 327 718 evangelistis
357 623 469 707 dicta,
507 647 583 715 cap.
614 621 680 690 XI.
709 621 863 692 voluisse
889 621 921 693 S.
944 605 1126 698 'loannem

80 725 270 827 testatur,
309 764 413 833 „per
443 737 628 832 evangelii·
650 738 955 813 annuntiationem
993 742 1129 813 auferre
1150 765 1152 775 “

73 843 75 847 ’
106 882 204 943 eum,
225 854 290 950 qui
312 867 337 926 a
358 853 533 926 Cerintho
559 854 787 925 inseminatus
800 885 802 890 ⁴
815 872 888 925 erat
908 855 1126 945 hominibus,

107 999 281 1057 errorem,
322 984 357 1042 et
390 974 503 1042 multo
539 969 634 1066 prius
674 972 719 1042 ab
753 970 827 1057 his,
868 970 929 1065 qui
963 973 1127 1046 dicuntur

105 1088 309 1172 Nicolaitae,
338 1086 500 1182 quisunt
522 1087 637 1161 vulsio
662 1088 757 1182 eius,
785 1112 862 1182 quac
881 1089 971 1158 falso
997 1115 1130 1184 cogno·

104 1205 256 1276 minatur
281 1199 422 1276 scientia
444 1208 487 1273 :“
532 1203 664 1275 Gnosis
691 1204 876 1291 nimirum,
904 1206 1001 1280 unde
1030 1206 1129 1280 Gn'o-

105 1321 203 1407 stici,
237 1321 297 1416 qui
325 1321 415 1393 inter
445 1320 561 1393 varios
593 1323 673 1392 suos
703 1307 956 1393 aeorias'etiam·
985 1323 1128 1396 Christo
1161 1382 1163 1384 -

103 1441 225 1510 locum
257 1437 407 1524 dabant,
432 1464 554 1531 ,quem
586 1437 728 1531 quidem
760 1439 897 1510 mundo
931 1439 1128 1512 statuebant

104 1556 282 1651 priorem,
311 1555 513 1626 inferiorem
542 1541 659 1625 tamen
684 1553 770 1625 Deo
794 1539 875 1626 ente
899 1557 1070 1651 supremo
1086 1579 1128 1660 ‘et

14 1737 18 1746 .
53 1744 56 1752 ,
103 1672 382 1773 perfectissimo,
419 1673 519 1767 quod
550 1671 598 1743 ab¹
622 1690 755 1742 aeterno
786 1671 822 1779 in
853 1675 1128 1768 pleromatcsrt.

104 1791 180 1862 Ens
211 1791 283 1863 hoc
312 1810 399 1864 teste
432 1789 464 1860 S.
499 1789 635 1862 Irenaeo
672 1785 1000 1885 „principalitatem
1040 1792 1132 1864 dice·

104 1909 210 1994 bant,
239 1934 317 2002 quae
342 1927 395 1979 est
417 1909 521 2002 super
543 1907 727 1993 universa,
757 1925 791 1979 et
824 1927 904 1978 ante
935 1908 1128 1981 adventurn

4 2021 14 2080 f
67 2069 69 2072 <
104 2024 224 2098 AEonis
249 2023 380 2096 Christi
405 2016 598 2117 incognita.
614 2027 636 2068 “-
667 2023 765 2123 *Hos
786 2024 943 2120 aliosque
973 2052 1055 2098 cum
1081 2052 1131 2097 re·

104 2138 297 2211 censuisset
310 2140 342 2210 S.
356 2140 503 2240 Martyr
512 2150 673 2236 errores,
694 2150 784 2232 qnos
799 2130 997 2240 coirigere,
1016 2143 1078 2214 seu
1091 2162 1131 2216 ut

20 2338 25 2351 ,
104 2255 260 2351 loquitur
287 2256 319 2325 S.
344 2256 490 2352 Martyr
521 2238 846 2358 „circumscribere
866 2243 1130 2352 παραγράφειν,

102 2375 230 2444 volens
267 2371 458 2466 discipulus
486 2371 670 2458 Domini,
711 2389 746 2443 et
782 2377 938 2467 regulam
958 2374 1132 2476 'veritatis

104 2488 319 2562 constituere
346 2489 383 2560 in
409 2490 591 2576 Ecclesia,
623 2489 706 2585 quia
730 2507 782 2560 est
807 2516 898 2563 nnus
926 2479 1029 2563 Deris
1057 2518 1131 2564 om-

104 2606 292 2701 nipotens,
321 2591 382 2701 qni
407 2633 471 2702 per
498 2607 662 2704 Verbum
691 2607 789 2678 luum
822 2609 942 2681 omnia
965 2607 1067 2695 fecit,
1097 2629 1132 2681 et

100 2721 253 2794 visibilia
272 2742 307 2794 et
327 2723 532 2796 invisibilia:
556 2723 755 2818 significans
775 2748 938 2819 quoque,
957 2725 1131 2819 quon-iam
1166 2704 1174 2725 ⁸

91 2865 163 2936 per
195 2838 378 2926 Verbum,
420 2868 484 2936 per
514 2843 613 2936 quod
642 2840 745 2924 Deus
774 2841 922 2935 perfecit
947 2841 1068 2912 omnia
1094 2843 1131 2912 in

101 2956 172 3026 hoc
190 2976 224 3027 et
244 2958 389 3027 salutem
413 2938 483 3044 liis,
513 2958 632 3053 quiin
657 2956 979 3044 commonemur,
1002 2959 1133 3054 praesti·

101 3072 142 3143 tit
163 3072 389 3159 hominibus,
416 3073 464 3144 sic
485 3073 666 3156 inchoavit
686 3074 723 3146 in
747 3081 807 3158 ea,
832 3100 910 3169 quae
937 3093 990 3145 est
1003 3076 1132 3148 secun-

101 3189 186 3259 dum
222 3191 444 3284 evangelium
485 3190 668 3261 doctrina:
721 3202 758 3260 1η
777 3203 933 3280 principio
961 3213 1028 3291 erat
1063 3195 1149 3264 Ver-¹

99 3309 223 3392 brim,“
261 3295 561 3401 inlyr;‚.quem
595 3307 698 3379 etiam
723 3307 899 3381 Gnostici
925 3308 1017 3379 inter
1046 3302 1133 3405 prae·

101 3422 224 3517 c'ipuos
250 3449 370 3496 aconas
393 3426 642 3520 reponebant,
671 3420 885 3520 evangelista
904 3432 1021 3497 autem
1044 3425 1136 3498 Ver·

100 3538 188 3610 b'um
211 3539 281 3611 hoo
307 3567 378 3613 non
396 3543 510 3614 solum
532 3543 627 3640 apud
651 3542 773 3614 Deum
796 3542 896 3626 dicit,
925 3542 986 3611 led
1007 3541 1134 3615 Deum

101 3681 176 3725 esse
215 3654 405 3746 Verbum,
435 3661 549 3754 ‘quod
585 3681 653 3730 erat
690 3660 818 3728 iamin
851 3663 1008 3747 principio
1048 3670 1137 3750 apud

100 3779 201 3873 Deum
241 3771 332 3847 Deo
374 3797 600 3849 coaeternum.
691 3773 857 3859 „Omnia
898 3799 963 3869 per
1011 3775 1132 3871 ipsum

98 3889 318 3978 factasunt,
356 3913 390 3964 et
419 3894 490 3962 fine
517 3893 597 3988 ipso
628 3894 758 3964 lactum
794 3889 988 3978 estnihil,
1031 3895 1132 3988 quod

97 4006 323 4110 factumest.
388 4010 429 4079 In
451 4009 535 4105 ipso
565 4011 638 4082 vita
669 4027 764 4092 erat,
804 4026 840 4078 et
865 4008 938 4082 vita
964 4027 1037 4083 erat
1066 4013 1131 4090 lux
