2460 4560
461 332 696 394 z
1016 354 1087 426 11⁷

58 493 230 569 Christus
252 491 410 589 quodam
431 496 514 564 loco
540 509 708 577 cessasset
734 489 779 564 ab
803 487 985 577 oratione,
1012 487 1088 586 qui·

62 614 143 685 dam
175 630 298 685 autem
324 637 370 682 ex
397 609 575 707 discipulis
606 608 748 682 diceret
767 608 825 680 ei:
864 618 994 678 Domine
1015 617 1088 680 doce
1136 621 1137 625 ’

61 759 114 802 nos
131 735 225 800 orare
235 785 244 814 ‚
256 734 341 814 ficut
357 737 462 799 docuit
478 749 509 799 et
525 736 659 807 Joonnes
675 737 838 818 discipulos
844 734 933 813 suos.
974 723 1089 815 Quod

63 873 144 920 cum
164 845 308 919 fecisset
322 844 504 930 Christus,
521 843 624 916 addit
636 843 896 916 fimilitudinem
912 842 957 914 de
972 837 1087 940 amico

60 964 222 1060 quodam
254 961 459 1059 importune
496 964 644 1033 alterum
681 987 749 1057 pro
784 961 937 1058 panibus
975 959 1106 1051 (cum,

61 1109 138 1154 non
164 1080 337 1166 haberet,
363 1080 463 1174 quod
489 1099 641 1174 poneret
664 1098 744 1150 ante
768 1076 917 1151 amicum
943 1072 1089 1148 venien-

61 1216 132 1270 tem
155 1198 206 1268 a‘d
228 1192 291 1286 se)
318 1196 580 1292 interpellante,
608 1216 716 1292 atque
736 1196 879 1267 tandem
901 1193 1087 1266 obtinente

61 1341 138 1387 non
162 1340 227 1400 e0,
254 1312 353 1409 quod
377 1314 508 1385 amicus
538 1313 611 1386 eius
638 1315 697 1400 fit,
717 1335 848 1404 propter
868 1320 1088 1401 importunum«
1187 1310 1195 1323 ’

60 1452 121 1502 rem
143 1452 249 1503 tamen
269 1443 351 1517 eins,
379 1450 418 1502 ut
436 1429 629 1526 discipulos
655 1433 700 1504 ad
726 1429 1029 1528 perseverandum
1049 1424 1089 1496 in

63 1547 226 1620 oratione
246 1547 446 1621 hortaretur
464 1545 523 1637 a)2
549 1559 703 1641 Quoniam
721 1569 842 1639 oportet
848 1555 972 1636 semper
988 1570 1090 1629 orare,

61 1687 91 1736 ct
110 1692 274 1756 nonquam
292 1673 432 1752 deficere,
460 1685 500 1738 ut
522 1666 619 1761 apud
643 1666 796 1739 eundem
819 1654 1086 1756 Evangelistam

60 1781 143 1853 alibi
167 1778 255 1853 dicit
278 1781 440 1854 Christus
468 1782 663 1854 admirabili
690 1779 956 1877 comparatione
984 1773 1086 1848 ami·

58 1925 149 1970 nore
170 1898 218 1969 ad
241 1897 351 1970 maius
366 1899 403 1968 in
423 1899 558 1986 iudice,
581 1912 636 1990 qui
664 1927 716 1971 nec
739 1908 839 1969 Deum
860 1904 1007 1981 timebat,
1035 1920 1087 1963 nec

59 2025 212 2087 borreinem
231 2026 448 2100 reverebatur,⁸
474 2017 654 2112 fatigatum
678 2036 795 2088 tamen
822 2007 1089 2086 eum-molestia

58 2131 204 2217 viduae,
239 2132 284 2204 src
313 2131 474 2204 Christus
501 2133 593 2205 intra
622 2160 658 2205 se
688 2138 894 2229 loquentem
919 2127 1085 2202 inducit:

58 2247 171 2335 „Etsi
193 2248 315 2320 Deum
335 2276 414 2324 non
441 2250 568 2338 timeo,
595 2278 662 2324 nec
688 2250 872 2323 hominem
898 2262 1084 2363 revereor3

59 2385 182 2437 tamen
199 2365 280 2460 quia
300 2369 449 2438 molesta
473 2387 526 2439 est
542 2369 627 2440 mihi
649 2370 726 2443 haec
743 2369 872 2453 vidua,
891 2363 1096 2440 vindicabo
1186 2443 1189 2447 ⁴

57 2482 177 2570 illam,
205 2509 251 2553 ne
276 2481 313 2552 in
339 2485 536 2558 novissimo
565 2487 714 2558 veniens
737 2486 876 2580 sugillet
902 2511 969 2554 me.
1021 2479 1087 2552 Ait
1155 2490 1162 2507 ‘

21 2653 23 2656 -
57 2620 180 2672 autem
207 2597 417 2672 Dominus:
453 2601 610 2690 Audite,
642 2603 729 2697 quid
757 2603 867 2681 iudex
892 2597 1087 2694 iniquitatis
1141 2639 1147 2652 =

57 2717 147 2789 dicit
157 2707 172 2786 ε’
195 2715 298 2789 Deus
322 2737 439 2789 autom
459 2746 533 2791 non
552 2719 655 2793 faciet
677 2719 869 2793 vindictam
893 2721 1086 2790 electorum
1124 2784 1133 2788 ,

56 2833 203 2907 suorum
237 2834 461 2907 clamantium
494 2836 540 2907 ad
569 2863 606 2908 se
634 2837 691 2908 die
720 2863 760 2909 ac
795 2856 923 2922 nocte,
959 2854 993 2907 et
1026 2859 1087 2930 pa·

57 2952 218 3024 tientiam
244 2952 389 3023 habebit
414 2951 450 3023 in
478 2951 575 3026 illis?
618 2953 716 3026 Dico
742 2955 872 3040 vobis,
911 2953 994 3048 quia
1015 2951 1085 3024 cito

56 3069 164 3140 faciet
185 3069 395 3169 vindictam
407 3068 557 3144 illorum.
609 3071 866 3144 Verumtamen
889 3069 997 3141 Filius
1024 3069 1087 3140 ho·

55 3187 163 3259 minis
184 3187 349 3274 veniens,
371 3205 494 3283 putas,
514 3189 672 3264 inveniet
692 3190 859 3262 fidem‘in
883 3187 1036 3260 terra‘?“
1166 3236 1169 3240 -
1219 3267 1221 3283 Ι

134 3417 238 3512 Quid
257 3447 346 3495 vero
370 3423 524 3498 hoo-fibi
547 3444 783 3520 postremum,
810 3425 910 3495 velut
934 3420 1088 3518 abrupto

54 3537 240 3624 sermone,
269 3540 314 3610 de
334 3540 426 3613 Filio
453 3530 607 3613 hominis
632 3561 785 3613 venturo
807 3540 922 3612 iudice
946 3539 982 3610 in
1003 3568 1087 3613 con·

54 3655 295 3730 summatione
312 3658 464 3757 saeculi?
491 3657 541 3734 Ut
567 3657 731 3729 nimirum
761 3658 971 3754 declararet»,
998 3685 1087 3731 nun·

54 3795 172 3868 quam>
188 3773 233 3845 ad
262 3773 421 3847 ultimum
438 3801 563 3871 usque
585 3795 724 3871 tempus
747 3775 930 3849 defuturos
953 3766 1087 3864 homes,

56 3907 92 3961 et
109 3911 357 4001 persecutores
377 3895 752 4002 electorumluorum,
773 3914 808 3968 et
822 3904 908 3971 tunc
921 3893 1085 3981 maxime,

97 4041 129 4118 a)
151 4042 213 4100 nuc.
239 4040 352 4105 narn.
378 4059 402 4106 ι..
