2460 4560
110 356 180 425 172
501 377 731 395 ········-·-·*··

113 499 174 574 Ego
187 494 264 576 snm
279 500 373 580 panis
396 497 509 574 vivus,
543 500 597 579 qni
624 499 666 567 do
683 499 757 607 &Io
783 497 945 577 descendi,
979 491 1048 568 hoc
1070 488 1107 562 eis

107 605 234 682 iterum
262 627 367 700 atque
393 605 643 698 fignificantius
678 605 723 676 ad
757 605 813 694 id,
849 608 952 702 quod
971 607 1109 694 dixerat,

107 749 237 820 panem
266 723 360 794 hunc
389 721 473 792 dare
503 722 614 798 vitam
640 724 797 810 mundo,
834 725 1032 799 declarans:
1062 735 1112 810 Ego

99 848 195 928 sirm,
221 839 336 933 inquit
359 832 417 925 a),
440 836 536 928 patris
563 852 645 912 vitae.
682 850 820 912 ,Patres
844 855 946 916 vestri
969 852 1113 914 manduca·
1148 829 1150 907 ἶ

108 977 221 1051 vetunt
240 982 353 1028 manna
374 966 407 1031 in
429 966 563 1039 deserto,
591 978 622 1030 et
642 969 755 1032 mortni
766 964 855 1048 fiant.
900 967 961 1028 Hic
982 981 1027 1036 est
1036 968 1113 1050 patris

109 1083 146 1145 de
171 1081 241 1148 coelo
268 1075 470 1149 descenderis:
508 1094 544 1147 ut
567 1085 594 1149 si
622 1085 693 1162 quis
717 1098 753 1143 ex
780 1085 847 1164 ipso
875 1086 1110 1158 monetaverit,

108 1216 168 1259 non
197 1201 350 1259 moriatur
376 1207 488 1259 morte
514 1187 645 1260 scilicet
671 1189 794 1262 animae
820 1209 964 1264 aeterna.
1029 1190 1110 1261 Tum
1143 1186 1146 1193 ’

108 1304 235 1376 iterum
267 1305 312 1376 de
344 1304 417 1376 vita
446 1323 588 1376 antenna*
611 1305 768 1400 corporis
802 1305 1108 1381 in=resurrectione

109 1420 222 1496 carnis
252 1422 296 1494 ad
324 1421 461 1516 beatam
489 1421 784 1493 immortalitatem
807 1418 862 1512 b):
906 1425 1016 1518 „Qui
1034 1448 1110 1495 man·⁴

108 1540 216 1610 ducat
243 1565 357 1613 meam
388 1564 549 1624 carnem,
586 1557 620 1608 et
643 1537 733 1609 bibit
755 1566 873 1612 meum
902 1541 1108 1636 sanguinem,

107 1656 217 1729 habet
245 1657 352 1730 vitam
380 1675 567 1730 aeternam:
605 1673 639 1726 et
671 1663 739 1749 ego
774 1658 997 1730 resuscitabo
1031 1658 1107 1728 idum

107 1773 145 1845 in
168 1773 361 1851 novissimo
386 1773 454 1851 die.
506 1771 602 1847 Caio
622 1771 716 1846 enim
740 1761 927 1853 measvene
943 1795 997 1852 est
1013 1775 1107 1854 cibus3

111 1909 146 1961 et
170 1892 309 1986 sanguis
341 1915 560 1990 meushvere·
582 1908 633 1960 est
658 1909 775 1985 potus.
839 1890 917 1982 Qui
943 1892 1107 1964 manducat

108 2032 221 2082 meam
245 2034 408 2093 carnem,
438 2026 472 2077 et
499 2006 590 2077 bibit
612 2032 730 2078 meum
753 2007 980 2101 sanguinem,
1008 2010 1042 2079 in
1064 2029 1107 2076 me

94 2126 249 2209 manet,
282 2142 316 2201 et
350 2148 417 2216 ego
450 2122 486 2191 in
519 2123 591 2198 illo
662 2112 881 2197 Sicut'misit
914 2152 974 2199 me
1005 2124 1110 2196 vivens

107 2237 228 2323 Pater,
258 2257 292 2311 et
319 2263 386 2331 ego
411 2237 496 2310 vivo
521 2258 668 2333 propter
695 2239 855 2312 Patrem:
890 2242 1011 2337 etqui
1035 2263 1112 2312 man·

108 2355 214 2425 ducat
238 2380 317 2438 me,
346 2373 380 2424 et
410 2353 485 2448 ipse
512 2355 610 2425 vivet
631 2356 781 2453 propter*
799 2383 866 2430 me.
877 2360 900 2406 ‘⁵
951 2358 1034 2435 Hoc
1055 2374 1110 2440 est,

106 2471 206 2566 quod
234 2454 378 2549 demum
402 2490 505 2565 rogat
525 2470 561 2541 in
587 2472 709 2546 ultima
736 2473 793 2545 illa
815 2493 895 2546 ante
923 2475 1112 2570 passionem

105 2592 201 2667 suam
239 2590 423 2675 oratione,
465 2591 572 2683 paulo
603 2586 794 2686 postquam
816 2595 1012 2686 *apostolos
1046 2595 1133 2664 suos(

106 2708 264 2801 corporis
293 2727 327 2777 et
348 2706 525 2800 sanguinis
546 2707 598 2781 sui
618 2708 807 2804 participes
830 2709 1045 2784 reddidisset
1067 2701 1111 2793 c):

105 2821 260 2908 „Paten‚
280 2848 371 2916 quos
388 2823 515 2893 dedisti
537 2823 638 2910 mihi,
664 2827 772 2911 v010,
796 2844 837 2896 ut
859 2825 920 2896 ubi
943 2850 1013 2920 ego
1031 2826 1113 2907 sum,

105 2959 141 3011 et
167 2938 215 3010 illi
244 2941 310 3014 sint
338 2965 503 3014 mecum:
541 2960 581 3016 ut
603 2939 749 3016 videant
772 2938 962 3014 claritatem
989 2967 1114 3022 meam,

103 3083 209 3152 qnam
230 3055 355 3126 dedisti
377 3055 480 3125 mihi:
510 3057 570 3150 qui
594 3057 746 3129 dilexisti
766 3083 829 3131 *me
855 3079 937 3136 ante
959 3058 1116 3136 constitu·

103 3175 238 3245 tionem
275 3171 408 3244 mundi.
494 3171 755 3261 Pater-iuste,
794 3176 951 3246 mundus
985 3196 1020 3247 te
1054 3200 1117 3247 non

101 3291 296 3385 cognovit,
324 3316 392 3384 ego
416 3307 531 3363 autem
558 3293 714 3385 cognovi
742 3311 797 3363 te:
829 3311 864 3362 et
885 3290 926 3362 'hi
941 3312 1118 3388 'cognove-

99 3429 202 3495 runt,
230 3409 311 3504 quia
340 3428 378 3480 tu
404 3435 460 3490 nne
488 3408 617 3483 misisti.
668 3409 717 3482 Et
743 3429 868 3485 notum
892 3409 962 3483 feci
990 3408 1038 3482 eis
1064 3433 1118 3481 no·

99 3553 183 3597 men
219 3545 340 3613 tuum,
377 3544 411 3599 et
441 3546 567 3597 notum
596 3524 745 3600 faciam:
782 3547 822 3598 ut
852 3526 1023 3614 dilectio,
1056 3550 1116 3621 qua

76 3641 252 3714 'dilexisti
279 3671 351 3730 me,
379 3643 414 3716 iu
442 3643 527 3738 ipsis
552 3643 614 3739 fit,
642 3663 677 3715 et
704 3667 774 3736 ego
796 3642 833 3712 in
859 3642 955 3738 ipsis.
968 3647 1008 3698 “v
1042 3643 1116 3714 Hoc

97 3762 241 3832 demum
264 3759 343 3844 fiet,
368 3761 513 3853 quando
540 3758 626 3832 Deo
650 3761 788 3832 summo
814 3759 916 3831 bono
941 3759 1038 3837 fruiti
1063 3760 1114 3830 be·

96 3874 226 3950 nedicti
259 3872 321 3946 filii
352 3873 464 3952 Patris
488 3877 598 3949 nostri
628 3875 665 3946 im
690 3875 786 3947 coelis
807 3876 1010 3952 videbimus
1036 3853 1112 3951 eum

137 4029 165 4101 a)
187 4028 231 4094 Jr.
260 4026 308 4094 Vl·
332 4034 376 4107 nt·
461 4026 491 4100 t)
513 4025 553 4088 ln.
579 4041 628 4104 ςς,Ι
715 4027 744 4104 c)
765 4025 928 4102 ItXVIl·
1036 4110 1041 4115 ,
