<?xml version="1.0" encoding="UTF-8"?>
<!DOCTYPE html PUBLIC "-//W3C//DTD XHTML 1.0 Transitional//EN"
    "http://www.w3.org/TR/xhtml1/DTD/xhtml1-transitional.dtd">
<html xmlns="http://www.w3.org/1999/xhtml" xml:lang="en" lang="en">
 <head>
  <title>
</title>
<meta http-equiv="Content-Type" content="text/html;charset=utf-8" />
  <meta name='ocr-system' content='tesseract 3.04.00' />
  <meta name='ocr-capabilities' content='ocr_page ocr_carea ocr_par ocr_line ocrx_word'/>
</head>
<body>
  <div class='ocr_page' id='page_1' title='image "./desublimiinevan01gerbgoog_0265.png"; bbox 0 0 2460 4560; ppageno 0'>
   <div class='ocr_carea' id='block_1_1' title="bbox 246 323 797 422">
    <p class='ocr_par' dir='ltr' id='par_1_1' title="bbox 246 323 797 422">
     <span class='ocr_line' id='line_1_1' title="bbox 246 323 797 422; baseline -0.005 -15"><span class='ocrx_word' id='word_1_1' title='bbox 246 356 316 422; x_wconf 85' lang='lat'>²40</span> <span class='ocrx_word' id='word_1_2' title='bbox 565 323 797 385; x_wconf 47' lang='lat' dir='ltr'>a</span> 
     </span>
    </p>
   </div>
   <div class='ocr_carea' id='block_1_2' title="bbox 89 479 1145 1836">
    <p class='ocr_par' dir='ltr' id='par_1_2' title="bbox 89 479 1106 1510">
     <span class='ocr_line' id='line_1_2' title="bbox 100 479 1099 569; baseline -0.001 -14"><span class='ocrx_word' id='word_1_3' title='bbox 100 479 213 542; x_wconf 65' lang='lat' dir='ltr'><strong>CAPUT</strong></span> <span class='ocrx_word' id='word_1_4' title='bbox 244 490 450 557; x_wconf 76' lang='lat' dir='ltr'><em>benedicentur</em></span> <span class='ocrx_word' id='word_1_5' title='bbox 468 493 501 550; x_wconf 84' lang='lat' dir='ltr'>in</span> <span class='ocrx_word' id='word_1_6' title='bbox 523 500 571 564; x_wconf 87' lang='lat' dir='ltr'>te,</span> <span class='ocrx_word' id='word_1_7' title='bbox 593 502 623 551; x_wconf 88' lang='lat' dir='ltr'>et</span> <span class='ocrx_word' id='word_1_8' title='bbox 644 494 676 551; x_wconf 87' lang='lat' dir='ltr'>in</span> <span class='ocrx_word' id='word_1_9' title='bbox 682 489 802 569; x_wconf 81' lang='lat' dir='ltr'>semine</span> <span class='ocrx_word' id='word_1_10' title='bbox 820 504 877 554; x_wconf 79' lang='lat' dir='ltr'>too</span> <span class='ocrx_word' id='word_1_11' title='bbox 900 493 1099 557; x_wconf 73' lang='lat' dir='ltr'>concionibus</span> 
     </span>
     <span class='ocr_line' id='line_1_3' title="bbox 113 597 1105 698; baseline 0 -27"><span class='ocrx_word' id='word_1_12' title='bbox 113 597 192 653; x_wconf 80' lang='lat' dir='ltr'>vlu.</span> <span class='ocrx_word' id='word_1_13' title='bbox 244 623 337 672; x_wconf 81' lang='lat' dir='ltr'>terre.</span> <span class='ocrx_word' id='word_1_14' title='bbox 390 597 522 669; x_wconf 89' lang='lat' dir='ltr'>Omnia</span> <span class='ocrx_word' id='word_1_15' title='bbox 546 599 621 669; x_wconf 88' lang='lat' dir='ltr'>haec</span> <span class='ocrx_word' id='word_1_16' title='bbox 643 623 792 692; x_wconf 80' lang='lat' dir='ltr'>regnum</span> <span class='ocrx_word' id='word_1_17' title='bbox 807 598 957 672; x_wconf 50' lang='lat' dir='ltr'>«Christi</span> <span class='ocrx_word' id='word_1_18' title='bbox 982 621 1105 698; x_wconf 72' lang='lat' dir='ltr'>porten¹</span> 
     </span>
     <span class='ocr_line' id='line_1_4' title="bbox 89 711 1102 803; baseline 0.001 -17"><span class='ocrx_word' id='word_1_19' title='bbox 89 711 231 771; x_wconf 51' lang='lat' dir='ltr'>-VW</span> <span class='ocrx_word' id='word_1_20' title='bbox 243 716 376 787; x_wconf 86' lang='lat' dir='ltr'>debant</span> <span class='ocrx_word' id='word_1_21' title='bbox 400 715 593 786; x_wconf 83' lang='lat' dir='ltr'>Ecclesiam</span> <span class='ocrx_word' id='word_1_22' title='bbox 619 713 826 785; x_wconf 88' lang='lat' dir='ltr'>militantem</span> <span class='ocrx_word' id='word_1_23' title='bbox 852 715 913 787; x_wconf 88' lang='lat' dir='ltr'>hic</span> <span class='ocrx_word' id='word_1_24' title='bbox 942 716 979 788; x_wconf 91' lang='lat' dir='ltr'>in</span> <span class='ocrx_word' id='word_1_25' title='bbox 1005 718 1102 803; x_wconf 85' lang='lat' dir='ltr'>terris,</span> 
     </span>
     <span class='ocr_line' id='line_1_5' title="bbox 159 831 1103 926; baseline 0.001 -23"><span class='ocrx_word' id='word_1_26' title='bbox 159 864 162 872; x_wconf 94' lang='lat'>·</span> <span class='ocrx_word' id='word_1_27' title='bbox 238 853 279 920; x_wconf 87' lang='lat' dir='ltr'>¹et</span> <span class='ocrx_word' id='word_1_28' title='bbox 305 851 510 926; x_wconf 81' lang='lat' dir='ltr'>regnantem</span> <span class='ocrx_word' id='word_1_29' title='bbox 541 831 577 901; x_wconf 92' lang='lat' dir='ltr'>in</span> <span class='ocrx_word' id='word_1_30' title='bbox 605 849 773 902; x_wconf 83' lang='lat' dir='ltr'>aeternum</span> <span class='ocrx_word' id='word_1_31' title='bbox 808 831 844 901; x_wconf 88' lang='lat' dir='ltr'>in</span> <span class='ocrx_word' id='word_1_32' title='bbox 876 833 1000 921; x_wconf 89' lang='lat' dir='ltr'>coelis,</span> <span class='ocrx_word' id='word_1_33' title='bbox 1026 832 1103 907; x_wconf 85' lang='lat' dir='ltr'>cuius</span> 
     </span>
     <span class='ocr_line' id='line_1_6' title="bbox 243 944 1104 1042; baseline 0.003 -24"><span class='ocrx_word' id='word_1_34' title='bbox 243 948 345 1042; x_wconf 82' lang='lat' dir='ltr'>regni</span> <span class='ocrx_word' id='word_1_35' title='bbox 375 974 449 1019; x_wconf 91' lang='lat' dir='ltr'>non</span> <span class='ocrx_word' id='word_1_36' title='bbox 477 948 541 1019; x_wconf 91' lang='lat' dir='ltr'>erit</span> <span class='ocrx_word' id='word_1_37' title='bbox 568 947 657 1018; x_wconf 75' lang='lat' dir='ltr'>finis.</span> <span class='ocrx_word' id='word_1_38' title='bbox 720 944 830 1027; x_wconf 87' lang='lat' dir='ltr'>Unde</span> <span class='ocrx_word' id='word_1_39' title='bbox 852 976 925 1019; x_wconf 84' lang='lat' dir='ltr'>cnm</span> <span class='ocrx_word' id='word_1_40' title='bbox 952 963 1104 1037; x_wconf 76' lang='lat' dir='ltr'>evigilasset</span> 
     </span>
     <span class='ocr_line' id='line_1_7' title="bbox 243 1069 1106 1151; baseline 0 -17"><span class='ocrx_word' id='word_1_41' title='bbox 243 1075 341 1145; x_wconf 78' lang='lat' dir='ltr'>Jncolr</span> <span class='ocrx_word' id='word_1_42' title='bbox 362 1075 398 1135; x_wconf 83' lang='lat' dir='ltr'>de</span> <span class='ocrx_word' id='word_1_43' title='bbox 407 1073 535 1151; x_wconf 85' lang='lat' dir='ltr'>somno,</span> <span class='ocrx_word' id='word_1_44' title='bbox 564 1076 630 1133; x_wconf 82' lang='lat' dir='ltr'>nir:</span> <span class='ocrx_word' id='word_1_45' title='bbox 663 1074 735 1134; x_wconf 78' lang='lat' dir='ltr'>Vere</span> <span class='ocrx_word' id='word_1_46' title='bbox 760 1069 916 1135; x_wconf 83' lang='lat' dir='ltr'>Dominus</span> <span class='ocrx_word' id='word_1_47' title='bbox 944 1079 1040 1138; x_wconf 82' lang='lat' dir='ltr'>estin</span> <span class='ocrx_word' id='word_1_48' title='bbox 1061 1077 1106 1136; x_wconf 87' lang='lat' dir='ltr'>loco</span> 
     </span>
     <span class='ocr_line' id='line_1_8' title="bbox 246 1189 1105 1272; baseline 0.005 -22"><span class='ocrx_word' id='word_1_49' title='bbox 246 1194 327 1267; x_wconf 77' lang='lat' dir='ltr'>isto,</span> <span class='ocrx_word' id='word_1_50' title='bbox 354 1202 385 1251; x_wconf 85' lang='lat' dir='ltr'>et</span> <span class='ocrx_word' id='word_1_51' title='bbox 400 1208 452 1264; x_wconf 81' lang='lat' dir='ltr'>ego</span> <span class='ocrx_word' id='word_1_52' title='bbox 470 1190 644 1250; x_wconf 79' lang='lat' dir='ltr'>nesciebam.</span> <span class='ocrx_word' id='word_1_53' title='bbox 696 1189 895 1270; x_wconf 80' lang='lat' dir='ltr'>Pavensqne,</span> <span class='ocrx_word' id='word_1_54' title='bbox 921 1210 1020 1272; x_wconf 80' lang='lat' dir='ltr'>qnam</span> <span class='ocrx_word' id='word_1_55' title='bbox 1038 1193 1105 1254; x_wconf 83' lang='lat' dir='ltr'>terri·</span> 
     </span>
     <span class='ocr_line' id='line_1_9' title="bbox 245 1278 1104 1386; baseline 0 -19"><span class='ocrx_word' id='word_1_56' title='bbox 245 1307 315 1369; x_wconf 86' lang='lat' dir='ltr'>ln&#39;lis</span> <span class='ocrx_word' id='word_1_57' title='bbox 337 1317 405 1380; x_wconf 85' lang='lat' dir='ltr'>est,</span> <span class='ocrx_word' id='word_1_58' title='bbox 432 1307 554 1386; x_wconf 78' lang='lat' dir='ltr'>inquit,</span> <span class='ocrx_word' id='word_1_59' title='bbox 582 1278 664 1367; x_wconf 81' lang='lat' dir='ltr'>locris</span> <span class='ocrx_word' id='word_1_60' title='bbox 688 1306 771 1366; x_wconf 86' lang='lat' dir='ltr'>iste!</span> <span class='ocrx_word' id='word_1_61' title='bbox 805 1323 864 1366; x_wconf 93' lang='lat' dir='ltr'>non</span> <span class='ocrx_word' id='word_1_62' title='bbox 892 1315 940 1367; x_wconf 79' lang='lat' dir='ltr'>est</span> <span class='ocrx_word' id='word_1_63' title='bbox 965 1308 1016 1369; x_wconf 82' lang='lat' dir='ltr'>nic</span> <span class='ocrx_word' id='word_1_64' title='bbox 1037 1307 1104 1368; x_wconf 80' lang='lat' dir='ltr'>clini</span> 
     </span>
     <span class='ocr_line' id='line_1_10' title="bbox 246 1412 1103 1510; baseline 0.002 -28"><span class='ocrx_word' id='word_1_65' title='bbox 246 1426 305 1484; x_wconf 85' lang='lat' dir='ltr'>nisi</span> <span class='ocrx_word' id='word_1_66' title='bbox 326 1423 431 1483; x_wconf 83' lang='lat' dir='ltr'>domos</span> <span class='ocrx_word' id='word_1_67' title='bbox 457 1421 534 1497; x_wconf 85' lang='lat' dir='ltr'>Dei,</span> <span class='ocrx_word' id='word_1_68' title='bbox 561 1433 593 1483; x_wconf 84' lang='lat' dir='ltr'>er</span> <span class='ocrx_word' id='word_1_69' title='bbox 606 1434 704 1503; x_wconf 84' lang='lat' dir='ltr'>porto</span> <span class='ocrx_word' id='word_1_70' title='bbox 725 1422 815 1482; x_wconf 79' lang='lat' dir='ltr'>coli.</span> <span class='ocrx_word' id='word_1_71' title='bbox 838 1467 874 1483; x_wconf 93' lang='lat'>..</span> <span class='ocrx_word' id='word_1_72' title='bbox 905 1412 1103 1510; x_wconf 83' lang='lat' dir='ltr'>Appellavit·</span> 
     </span>
    </p>

    <p class='ocr_par' dir='ltr' id='par_1_3' title="bbox 246 1522 1145 1626">
     <span class='ocr_line' id='line_1_11' title="bbox 246 1522 1145 1626; baseline 0 -26"><span class='ocrx_word' id='word_1_73' title='bbox 246 1554 317 1623; x_wconf 90' lang='lat' dir='ltr'>que</span> <span class='ocrx_word' id='word_1_74' title='bbox 337 1553 468 1599; x_wconf 90' lang='lat' dir='ltr'>nomen</span> <span class='ocrx_word' id='word_1_75' title='bbox 491 1527 588 1598; x_wconf 88' lang='lat' dir='ltr'>urbis</span> <span class='ocrx_word' id='word_1_76' title='bbox 609 1526 733 1600; x_wconf 88' lang='lat' dir='ltr'>Bethel</span> <span class='ocrx_word' id='word_1_77' title='bbox 756 1526 904 1600; x_wconf 90' lang='lat' dir='ltr'>Domus</span> <span class='ocrx_word' id='word_1_78' title='bbox 929 1528 1023 1617; x_wconf 83' lang='lat' dir='ltr'>Dei,</span> <span class='ocrx_word' id='word_1_79' title='bbox 1044 1553 1102 1626; x_wconf 88' lang='lat' dir='ltr'>qua</span> <span class='ocrx_word' id='word_1_80' title='bbox 1143 1522 1145 1559; x_wconf 76' lang='lat'>³</span> 
     </span>
    </p>

    <p class='ocr_par' dir='ltr' id='par_1_4' title="bbox 246 1628 1145 1744">
     <span class='ocr_line' id='line_1_12' title="bbox 246 1628 1145 1744; baseline 0.001 -27"><span class='ocrx_word' id='word_1_81' title='bbox 246 1666 298 1718; x_wconf 89' lang='lat' dir='ltr'>est</span> <span class='ocrx_word' id='word_1_82' title='bbox 329 1644 486 1716; x_wconf 87' lang='lat' dir='ltr'>Ecclesia</span> <span class='ocrx_word' id='word_1_83' title='bbox 516 1628 608 1715; x_wconf 87' lang='lat' dir='ltr'>inter</span> <span class='ocrx_word' id='word_1_84' title='bbox 634 1663 755 1740; x_wconf 82' lang='lat' dir='ltr'>gentes</span> <span class='ocrx_word' id='word_1_85' title='bbox 786 1643 889 1717; x_wconf 87' lang='lat' dir='ltr'>iuxta</span> <span class='ocrx_word' id='word_1_86' title='bbox 920 1647 1103 1744; x_wconf 84' lang='lat' dir='ltr'>promissio</span> <span class='ocrx_word' id='word_1_87' title='bbox 1144 1648 1145 1676; x_wconf 76' lang='lat'>³</span> 
     </span>
    </p>

    <p class='ocr_par' dir='ltr' id='par_1_5' title="bbox 246 1757 1145 1836">
     <span class='ocr_line' id='line_1_13' title="bbox 246 1757 1145 1836; baseline -0.001 -3"><span class='ocrx_word' id='word_1_88' title='bbox 246 1789 328 1836; x_wconf 87' lang='lat' dir='ltr'>nem</span> <span class='ocrx_word' id='word_1_89' title='bbox 353 1763 480 1835; x_wconf 83' lang='lat' dir='ltr'>factam</span> <span class='ocrx_word' id='word_1_90' title='bbox 506 1759 627 1834; x_wconf 87' lang='lat' dir='ltr'>Jacob.</span> <span class='ocrx_word' id='word_1_91' title='bbox 1143 1757 1145 1763; x_wconf 66' lang='grc'>’</span> 
     </span>
    </p>
   </div>
   <div class='ocr_carea' id='block_1_3' title="bbox 223 1980 1146 2325">
    <p class='ocr_par' dir='ltr' id='par_1_6' title="bbox 223 1980 1146 2325">
     <span class='ocr_line' id='line_1_14' title="bbox 324 1980 1105 2097; baseline 0 -27"><span class='ocrx_word' id='word_1_92' title='bbox 324 1980 438 2092; x_wconf 80' lang='lat' dir='ltr'>Quod</span> <span class='ocrx_word' id='word_1_93' title='bbox 471 1997 595 2071; x_wconf 85' lang='lat' dir='ltr'>attinet</span> <span class='ocrx_word' id='word_1_94' title='bbox 623 2021 710 2069; x_wconf 86' lang='lat' dir='ltr'>mox</span> <span class='ocrx_word' id='word_1_95' title='bbox 741 1997 1014 2087; x_wconf 82' lang='lat' dir='ltr'>antecedentem</span> <span class='ocrx_word' id='word_1_96' title='bbox 1041 2022 1105 2097; x_wconf 87' lang='lat' dir='ltr'>pro</span> 
     </span>
     <span class='ocr_line' id='line_1_15' title="bbox 223 2112 1146 2206; baseline -0.001 -21"><span class='ocrx_word' id='word_1_97' title='bbox 223 2112 474 2187; x_wconf 83' lang='lat' dir='ltr'>missionem:</span> <span class='ocrx_word' id='word_1_98' title='bbox 505 2125 545 2185; x_wconf 82' lang='lat' dir='ltr'>Er</span> <span class='ocrx_word' id='word_1_99' title='bbox 568 2124 655 2184; x_wconf 82' lang='lat' dir='ltr'>dabit</span> <span class='ocrx_word' id='word_1_100' title='bbox 680 2122 726 2183; x_wconf 83' lang='lat' dir='ltr'>illi</span> <span class='ocrx_word' id='word_1_101' title='bbox 756 2121 910 2186; x_wconf 81' lang='lat' dir='ltr'>Dominus</span> <span class='ocrx_word' id='word_1_102' title='bbox 928 2124 1104 2206; x_wconf 82' lang='lat' dir='ltr'>Deosseden</span> <span class='ocrx_word' id='word_1_103' title='bbox 1144 2157 1146 2166; x_wconf 81' lang='lat'><em>=</em></span> 
     </span>
     <span class='ocr_line' id='line_1_16' title="bbox 247 2218 1146 2325; baseline 0.003 -27"><span class='ocrx_word' id='word_1_104' title='bbox 247 2241 357 2301; x_wconf 77' lang='lat' dir='ltr'>David</span> <span class='ocrx_word' id='word_1_105' title='bbox 365 2244 471 2320; x_wconf 78' lang='lat' dir='ltr'>porris</span> <span class='ocrx_word' id='word_1_106' title='bbox 484 2243 565 2316; x_wconf 81' lang='lat' dir='ltr'>eins,</span> <span class='ocrx_word' id='word_1_107' title='bbox 586 2231 676 2303; x_wconf 80' lang='lat' dir='ltr'>facta</span> <span class='ocrx_word' id='word_1_108' title='bbox 694 2228 819 2324; x_wconf 85' lang='lat' dir='ltr'>legitur</span> <span class='ocrx_word' id='word_1_109' title='bbox 837 2231 1029 2325; x_wconf 85' lang='lat' dir='ltr'>promissio</span> <span class='ocrx_word' id='word_1_110' title='bbox 1045 2232 1104 2303; x_wconf 88' lang='lat' dir='ltr'>haec</span> <span class='ocrx_word' id='word_1_111' title='bbox 1145 2218 1146 2224; x_wconf 29' lang='lat'>¹</span> 
     </span>
    </p>
   </div>
   <div class='ocr_carea' id='block_1_4' title="bbox 151 2324 1147 3135">
    <p class='ocr_par' dir='ltr' id='par_1_7' title="bbox 244 2324 1146 2559">
     <span class='ocr_line' id='line_1_17' title="bbox 245 2324 1146 2432; baseline 0.002 -16"><span class='ocrx_word' id='word_1_112' title='bbox 245 2345 381 2417; x_wconf 88' lang='lat' dir='ltr'>Davidi</span> <span class='ocrx_word' id='word_1_113' title='bbox 402 2346 438 2416; x_wconf 92' lang='lat' dir='ltr'>in</span> <span class='ocrx_word' id='word_1_114' title='bbox 462 2324 537 2418; x_wconf 91' lang='lat' dir='ltr'>filio</span> <span class='ocrx_word' id='word_1_115' title='bbox 560 2346 766 2432; x_wconf 88' lang='lat' dir='ltr'>Salomone,</span> <span class='ocrx_word' id='word_1_116' title='bbox 789 2345 876 2416; x_wconf 91' lang='lat' dir='ltr'>dum</span> <span class='ocrx_word' id='word_1_117' title='bbox 896 2348 929 2418; x_wconf 88' lang='lat' dir='ltr'>ei</span> <span class='ocrx_word' id='word_1_118' title='bbox 951 2366 1103 2420; x_wconf 85' lang='lat' dir='ltr'>reservata</span> <span class='ocrx_word' id='word_1_119' title='bbox 1145 2335 1146 2371; x_wconf 69' lang='lat'>³</span> 
     </span>
     <span class='ocr_line' id='line_1_18' title="bbox 244 2459 1103 2559; baseline -0.002 -25"><span class='ocrx_word' id='word_1_120' title='bbox 244 2483 297 2534; x_wconf 89' lang='lat' dir='ltr'>est</span> <span class='ocrx_word' id='word_1_121' title='bbox 317 2461 437 2559; x_wconf 87' lang='lat' dir='ltr'>templi</span> <span class='ocrx_word' id='word_1_122' title='bbox 454 2461 639 2535; x_wconf 82' lang='lat' dir='ltr'>aedificatio</span> <span class='ocrx_word' id='word_1_123' title='bbox 660 2459 715 2552; x_wconf 88' lang='lat' dir='ltr'>o):</span> <span class='ocrx_word' id='word_1_124' title='bbox 747 2473 879 2554; x_wconf 80' lang='lat' dir='ltr'>Cumque</span> <span class='ocrx_word' id='word_1_125' title='bbox 900 2472 1103 2555; x_wconf 75' lang='lat' dir='ltr'>completisne·</span> 
     </span>
    </p>

    <p class='ocr_par' dir='ltr' id='par_1_8' title="bbox 151 2568 1147 3014">
     <span class='ocr_line' id='line_1_19' title="bbox 151 2590 1147 2669; baseline -0.003 -16"><span class='ocrx_word' id='word_1_126' title='bbox 151 2636 155 2653; x_wconf 75' lang='lat'>.</span> <span class='ocrx_word' id='word_1_127' title='bbox 242 2594 308 2651; x_wconf 82' lang='lat' dir='ltr'>rint</span> <span class='ocrx_word' id='word_1_128' title='bbox 337 2591 400 2651; x_wconf 83' lang='lat' dir='ltr'>dies</span> <span class='ocrx_word' id='word_1_129' title='bbox 428 2592 499 2667; x_wconf 81' lang='lat' dir='ltr'>tui,</span> <span class='ocrx_word' id='word_1_130' title='bbox 537 2602 567 2651; x_wconf 82' lang='lat' dir='ltr'>er</span> <span class='ocrx_word' id='word_1_131' title='bbox 590 2591 748 2650; x_wconf 84' lang='lat' dir='ltr'>dormieris</span> <span class='ocrx_word' id='word_1_132' title='bbox 774 2590 1012 2668; x_wconf 80' lang='lat' dir='ltr'>compatribus</span> <span class='ocrx_word' id='word_1_133' title='bbox 1036 2594 1102 2666; x_wconf 83' lang='lat' dir='ltr'>tro&#39;s,</span> <span class='ocrx_word' id='word_1_134' title='bbox 1144 2590 1147 2669; x_wconf 64' lang='lat' dir='ltr'><strong>f</strong></span> 
     </span>
     <span class='ocr_line' id='line_1_20' title="bbox 235 2684 1147 2786; baseline 0.001 -22"><span class='ocrx_word' id='word_1_135' title='bbox 235 2705 396 2784; x_wconf 75' lang='lat' dir='ltr'>suscitabo</span> <span class='ocrx_word' id='word_1_136' title='bbox 406 2704 512 2784; x_wconf 83' lang='lat' dir='ltr'>semen</span> <span class='ocrx_word' id='word_1_137' title='bbox 531 2719 618 2767; x_wconf 75' lang='lat' dir='ltr'>enom</span> <span class='ocrx_word' id='word_1_138' title='bbox 631 2717 707 2785; x_wconf 82' lang='lat' dir='ltr'>post</span> <span class='ocrx_word' id='word_1_139' title='bbox 723 2717 772 2781; x_wconf 86' lang='lat' dir='ltr'>te,</span> <span class='ocrx_word' id='word_1_140' title='bbox 792 2705 877 2786; x_wconf 82' lang='lat' dir='ltr'>qnod</span> <span class='ocrx_word' id='word_1_141' title='bbox 896 2704 1104 2782; x_wconf 78' lang='lat' dir='ltr'>egredietcodc</span> <span class='ocrx_word' id='word_1_142' title='bbox 1145 2684 1147 2719; x_wconf 69' lang='lat'>³</span> 
     </span>
     <span class='ocr_line' id='line_1_21' title="bbox 244 2810 1103 2905; baseline 0.003 -25"><span class='ocrx_word' id='word_1_143' title='bbox 244 2833 427 2905; x_wconf 74' lang='lat' dir='ltr'>merorem,</span> <span class='ocrx_word' id='word_1_144' title='bbox 454 2835 485 2883; x_wconf 85' lang='lat' dir='ltr'>et</span> <span class='ocrx_word' id='word_1_145' title='bbox 501 2820 633 2896; x_wconf 79' lang='lat' dir='ltr'>firmabo</span> <span class='ocrx_word' id='word_1_146' title='bbox 656 2839 778 2897; x_wconf 79' lang='lat' dir='ltr'>regnam</span> <span class='ocrx_word' id='word_1_147' title='bbox 805 2810 887 2884; x_wconf 70' lang='lat' dir='ltr'>eins.&#39;</span> <span class='ocrx_word' id='word_1_148' title='bbox 947 2825 1016 2904; x_wconf 81' lang='lat' dir='ltr'>Ipse</span> <span class='ocrx_word' id='word_1_149' title='bbox 1035 2817 1103 2897; x_wconf 60' lang='lat' dir='ltr'>odil</span> 
     </span>
     <span class='ocr_line' id='line_1_22' title="bbox 244 2915 1147 3014; baseline -0.003 -16"><span class='ocrx_word' id='word_1_150' title='bbox 244 2937 328 2998; x_wconf 84' lang='lat' dir='ltr'>cobir</span> <span class='ocrx_word' id='word_1_151' title='bbox 352 2938 475 3000; x_wconf 80' lang='lat' dir='ltr'>domum</span> <span class='ocrx_word' id='word_1_152' title='bbox 500 2940 615 2998; x_wconf 87' lang='lat' dir='ltr'>nomini</span> <span class='ocrx_word' id='word_1_153' title='bbox 638 2952 724 3014; x_wconf 87' lang='lat' dir='ltr'>meo,</span> <span class='ocrx_word' id='word_1_154' title='bbox 752 2949 782 2999; x_wconf 83' lang='lat' dir='ltr'>er</span> <span class='ocrx_word' id='word_1_155' title='bbox 793 2933 960 3013; x_wconf 80' lang='lat' dir='ltr'>stabiliam</span> <span class='ocrx_word' id='word_1_156' title='bbox 984 2932 1103 3002; x_wconf 73' lang='lat' dir='ltr'>tn&#39;ronm</span> <span class='ocrx_word' id='word_1_157' title='bbox 1145 2915 1147 2956; x_wconf 56' lang='lat' dir='ltr'>l</span> 
     </span>
    </p>

    <p class='ocr_par' dir='ltr' id='par_1_9' title="bbox 203 3033 1147 3135">
     <span class='ocr_line' id='line_1_23' title="bbox 203 3033 1147 3135; baseline 0.001 -22"><span class='ocrx_word' id='word_1_158' title='bbox 203 3127 205 3133; x_wconf 18' lang='grc' dir='ltr'><strong><em>Α</em></strong></span> <span class='ocrx_word' id='word_1_159' title='bbox 244 3057 327 3128; x_wconf 76' lang='lat' dir='ltr'>regni</span> <span class='ocrx_word' id='word_1_160' title='bbox 350 3057 414 3114; x_wconf 84' lang='lat' dir='ltr'>eins</span> <span class='ocrx_word' id='word_1_161' title='bbox 441 3072 536 3134; x_wconf 79' lang='lat' dir='ltr'>usqne</span> <span class='ocrx_word' id='word_1_162' title='bbox 555 3057 588 3114; x_wconf 92' lang='lat' dir='ltr'>in</span> <span class='ocrx_word' id='word_1_163' title='bbox 597 3053 818 3135; x_wconf 79' lang='lat' dir='ltr'>sempiternum</span> <span class='ocrx_word' id='word_1_164' title='bbox 847 3101 854 3115; x_wconf 96' lang='lat'>.</span> <span class='ocrx_word' id='word_1_165' title='bbox 883 3101 892 3118; x_wconf 92' lang='lat'>.</span> <span class='ocrx_word' id='word_1_166' title='bbox 924 3103 933 3119; x_wconf 98' lang='lat'>.</span> <span class='ocrx_word' id='word_1_167' title='bbox 963 3057 1005 3118; x_wconf 87' lang='lat' dir='ltr'>Et</span> <span class='ocrx_word' id='word_1_168' title='bbox 1022 3052 1103 3134; x_wconf 70' lang='lat' dir='ltr'>fideii</span> <span class='ocrx_word' id='word_1_169' title='bbox 1144 3033 1147 3091; x_wconf 59' lang='lat'>3</span> 
     </span>
    </p>
   </div>
   <div class='ocr_carea' id='block_1_5' title="bbox 176 3149 1149 3963">
    <p class='ocr_par' dir='ltr' id='par_1_10' title="bbox 237 3149 1148 3726">
     <span class='ocr_line' id='line_1_24' title="bbox 243 3149 1147 3254; baseline 0.003 -26"><span class='ocrx_word' id='word_1_170' title='bbox 243 3172 302 3229; x_wconf 81' lang='lat' dir='ltr'>erit</span> <span class='ocrx_word' id='word_1_171' title='bbox 321 3169 427 3229; x_wconf 82' lang='lat' dir='ltr'>domos</span> <span class='ocrx_word' id='word_1_172' title='bbox 449 3180 525 3244; x_wconf 84' lang='lat' dir='ltr'>tno,</span> <span class='ocrx_word' id='word_1_173' title='bbox 553 3183 584 3231; x_wconf 86' lang='lat' dir='ltr'>et</span> <span class='ocrx_word' id='word_1_174' title='bbox 605 3189 727 3246; x_wconf 79' lang='lat' dir='ltr'>regnam</span> <span class='ocrx_word' id='word_1_175' title='bbox 749 3182 836 3231; x_wconf 79' lang='lat' dir='ltr'>trram</span> <span class='ocrx_word' id='word_1_176' title='bbox 864 3190 964 3254; x_wconf 80' lang='lat' dir='ltr'>usqne</span> <span class='ocrx_word' id='word_1_177' title='bbox 987 3176 1020 3234; x_wconf 89' lang='lat' dir='ltr'>in</span> <span class='ocrx_word' id='word_1_178' title='bbox 1041 3182 1102 3233; x_wconf 76' lang='lat' dir='ltr'>ores·</span> <span class='ocrx_word' id='word_1_179' title='bbox 1143 3149 1147 3203; x_wconf 66' lang='lat'>&#39;³</span> 
     </span>
     <span class='ocr_line' id='line_1_25' title="bbox 242 3279 1148 3363; baseline -0.001 -18"><span class='ocrx_word' id='word_1_180' title='bbox 242 3304 315 3346; x_wconf 81' lang='lat' dir='ltr'>nom</span> <span class='ocrx_word' id='word_1_181' title='bbox 353 3297 425 3346; x_wconf 81' lang='lat' dir='ltr'>arete</span> <span class='ocrx_word' id='word_1_182' title='bbox 443 3285 563 3363; x_wconf 85' lang='lat' dir='ltr'>faciem</span> <span class='ocrx_word' id='word_1_183' title='bbox 590 3298 697 3363; x_wconf 83' lang='lat' dir='ltr'>roam,</span> <span class='ocrx_word' id='word_1_184' title='bbox 732 3298 763 3347; x_wconf 80' lang='lat' dir='ltr'>er</span> <span class='ocrx_word' id='word_1_185' title='bbox 791 3287 921 3349; x_wconf 79' lang='lat' dir='ltr'>thronos</span> <span class='ocrx_word' id='word_1_186' title='bbox 954 3300 1028 3351; x_wconf 83' lang='lat' dir='ltr'>tons</span> <span class='ocrx_word' id='word_1_187' title='bbox 1058 3287 1101 3348; x_wconf 82' lang='lat' dir='ltr'>ecit</span> <span class='ocrx_word' id='word_1_188' title='bbox 1145 3279 1148 3305; x_wconf 77' lang='lat'><em>⁵</em></span> 
     </span>
     <span class='ocr_line' id='line_1_26' title="bbox 237 3391 1148 3478; baseline 0.001 -16"><span class='ocrx_word' id='word_1_189' title='bbox 237 3400 350 3478; x_wconf 75' lang='lat' dir='ltr'>firmos</span> <span class='ocrx_word' id='word_1_190' title='bbox 369 3405 489 3478; x_wconf 76' lang='lat' dir='ltr'>ingiter.</span> <span class='ocrx_word' id='word_1_191' title='bbox 551 3392 742 3465; x_wconf 87' lang='lat' dir='ltr'>Promissio</span> <span class='ocrx_word' id='word_1_192' title='bbox 768 3392 844 3464; x_wconf 83' lang='lat' dir='ltr'>haec</span> <span class='ocrx_word' id='word_1_193' title='bbox 866 3391 1008 3468; x_wconf 86' lang='lat' dir='ltr'>Davidi</span> <span class='ocrx_word' id='word_1_194' title='bbox 1031 3396 1101 3469; x_wconf 79' lang='lat' dir='ltr'>lacn</span> <span class='ocrx_word' id='word_1_195' title='bbox 1146 3414 1148 3422; x_wconf 60' lang='lat'><strong><em>⁴</em></strong></span> 
     </span>
     <span class='ocr_line' id='line_1_27' title="bbox 241 3488 1148 3606; baseline -0.001 -27"><span class='ocrx_word' id='word_1_196' title='bbox 241 3509 279 3579; x_wconf 89' lang='lat' dir='ltr'>in</span> <span class='ocrx_word' id='word_1_197' title='bbox 315 3510 528 3606; x_wconf 87' lang='lat' dir='ltr'>apertissima</span> <span class='ocrx_word' id='word_1_198' title='bbox 568 3510 612 3581; x_wconf 90' lang='lat' dir='ltr'>de</span> <span class='ocrx_word' id='word_1_199' title='bbox 646 3488 791 3580; x_wconf 85' lang='lat' dir='ltr'>Christo</span> <span class='ocrx_word' id='word_1_200' title='bbox 828 3512 1021 3606; x_wconf 87' lang='lat' dir='ltr'>prophetia</span> <span class='ocrx_word' id='word_1_201' title='bbox 1052 3509 1099 3581; x_wconf 84' lang='lat' dir='ltr'>lsr.</span> <span class='ocrx_word' id='word_1_202' title='bbox 1144 3495 1148 3539; x_wconf 71' lang='lat'><em>³</em></span> 
     </span>
     <span class='ocr_line' id='line_1_28' title="bbox 242 3625 1100 3726; baseline 0.003 -32"><span class='ocrx_word' id='word_1_203' title='bbox 242 3625 309 3698; x_wconf 93' lang='lat' dir='ltr'>IX.</span> <span class='ocrx_word' id='word_1_204' title='bbox 337 3631 369 3699; x_wconf 91' lang='lat'>6.</span> <span class='ocrx_word' id='word_1_205' title='bbox 395 3647 459 3700; x_wconf 90' lang='lat' dir='ltr'>etc.</span> <span class='ocrx_word' id='word_1_206' title='bbox 487 3653 507 3698; x_wconf 88' lang='lat' dir='ltr'>a</span> <span class='ocrx_word' id='word_1_207' title='bbox 531 3626 635 3698; x_wconf 87' lang='lat' dir='ltr'>nobis</span> <span class='ocrx_word' id='word_1_208' title='bbox 657 3628 766 3726; x_wconf 85' lang='lat' dir='ltr'>paulo</span> <span class='ocrx_word' id='word_1_209' title='bbox 788 3644 869 3697; x_wconf 88' lang='lat' dir='ltr'>ante</span> <span class='ocrx_word' id='word_1_210' title='bbox 893 3629 1039 3702; x_wconf 79' lang='lat' dir='ltr'>recitata</span> <span class='ocrx_word' id='word_1_211' title='bbox 1058 3648 1100 3698; x_wconf 82' lang='lat' dir='ltr'>ex·</span> 
     </span>
    </p>

    <p class='ocr_par' dir='ltr' id='par_1_11' title="bbox 176 3738 1149 3963">
     <span class='ocr_line' id='line_1_29' title="bbox 176 3738 1149 3841; baseline 0.003 -32"><span class='ocrx_word' id='word_1_212' title='bbox 176 3820 179 3833; x_wconf 17' lang='grc' dir='ltr'>Ὺ</span> <span class='ocrx_word' id='word_1_213' title='bbox 240 3742 401 3835; x_wconf 90' lang='lat' dir='ltr'>plicatur.</span> <span class='ocrx_word' id='word_1_214' title='bbox 478 3742 637 3835; x_wconf 81' lang='lat' dir='ltr'>Quando</span> <span class='ocrx_word' id='word_1_215' title='bbox 681 3767 801 3830; x_wconf 88' lang='lat' dir='ltr'>ver0,</span> <span class='ocrx_word' id='word_1_216' title='bbox 850 3762 887 3814; x_wconf 90' lang='lat' dir='ltr'>et</span> <span class='ocrx_word' id='word_1_217' title='bbox 929 3738 1098 3841; x_wconf 85' lang='lat' dir='ltr'>quomodo</span> <span class='ocrx_word' id='word_1_218' title='bbox 1146 3778 1149 3798; x_wconf 60' lang='grc' dir='ltr'>ι</span> 
     </span>
     <span class='ocr_line' id='line_1_30' title="bbox 240 3844 1097 3963; baseline 0.005 -33"><span class='ocrx_word' id='word_1_219' title='bbox 240 3857 318 3930; x_wconf 79' lang='lat' dir='ltr'>haec·</span> <span class='ocrx_word' id='word_1_220' title='bbox 343 3858 524 3955; x_wconf 88' lang='lat' dir='ltr'>implenda</span> <span class='ocrx_word' id='word_1_221' title='bbox 555 3860 639 3949; x_wconf 72' lang='lat' dir='ltr'>sint,</span> <span class='ocrx_word' id='word_1_222' title='bbox 669 3859 765 3933; x_wconf 87' lang='lat' dir='ltr'>idem</span> <span class='ocrx_word' id='word_1_223' title='bbox 789 3844 971 3958; x_wconf 82' lang='lat' dir='ltr'>piopheta</span> <span class='ocrx_word' id='word_1_224' title='bbox 994 3880 1097 3963; x_wconf 79' lang='lat' dir='ltr'>poster</span> 
     </span>
    </p>
   </div>
   <div class='ocr_carea' id='block_1_6' title="bbox 282 4006 551 4103">
    <p class='ocr_par' dir='ltr' id='par_1_12' title="bbox 282 4006 551 4103">
     <span class='ocr_line' id='line_1_31' title="bbox 282 4006 551 4103; baseline 0.033 -41"><span class='ocrx_word' id='word_1_225' title='bbox 282 4007 312 4083; x_wconf 66' lang='lat' dir='ltr'>a)</span> <span class='ocrx_word' id='word_1_226' title='bbox 335 4007 374 4103; x_wconf 85' lang='lat' dir='ltr'>n.</span> <span class='ocrx_word' id='word_1_227' title='bbox 395 4006 457 4078; x_wconf 72' lang='lat' dir='ltr'>seo</span> <span class='ocrx_word' id='word_1_228' title='bbox 484 4009 551 4073; x_wconf 79' lang='lat' dir='ltr'>rrr.</span> 
     </span>
    </p>
   </div>
   <div class='ocr_carea' id='block_1_7' title="bbox 0 0 1234 4560">
    <p class='ocr_par' dir='ltr' id='par_1_13' title="bbox 0 0 1234 4560">
     <span class='ocr_line' id='line_1_32' title="bbox 0 0 1234 4560; baseline 0 0"><span class='ocrx_word' id='word_1_229' title='bbox 0 0 1234 4560; x_wconf 95' lang='lat' dir='ltr'> </span> 
     </span>
    </p>
   </div>
  </div>
 </body>
</html>
