2460 4560
174 329 272 412 94,

156 516 161 524 .
251 455 437 528 Paradoxn
463 457 543 527 lunt
566 442 644 530 ,baec
673 443 868 527 secundum
897 481 1040 530 carnem
1067 460 1184 557 sapien·
1203 474 1216 549 'j

173 574 290 660 tibus,
319 593 353 645 et
376 562 489 644 seculi
516 571 619 642 huius
642 573 805 667 prudent
797 599 830 643 ra
855 573 1014 667 turgidis.
1078 563 1184 670 Quin

125 734 144 752 -
174 690 337 762 Christus
358 688 402 759 nd
425 689 602 759 coelestem
619 674 719 760 suurn
738 689 877 761 Patrem
898 694 1041 765 elevans
1057 718 1183 782 vocem,

132 850 136 858 =
172 807 395 911 „Confiteor
425 804 488 913 tibi
519 804 645 891 Pater,
685 795 878 892 exclamat,
917 791 1080 882 Domine
1117 810 1213 883 coeli

174 906 478 1016 etterrae,qt1ia
513 909 740 994 abscondisti
761 923 837 1016 haec
869 949 889 994 5
917 911 1214 1039 sapientibus
1155 946 1182 1002 et

172 1039 430 1167 prudentibus,
457 1053 491 1111 et
516 1037 678 1111 revelasti
705 1065 747 1110 ea
774 1039 938 1135 parvulis.
990 1025 1045 1115 lta
1075 1043 1212 1130 Pater,

82 1237 88 1254 1
170 1155 342 1252 quoniam
373 1156 419 1227 fic
444 1156 511 1227 fust
536 1144 703 1250 placitum
732 1175 813 1226 ante
844 1174 889 1227 te.
954 1145 1087 1263 Omnia
1110 1159 1182 1232 mihi

169 1272 298 1346 tradita
318 1273 398 1344 sunt
418 1297 438 1343 a
461 1272 564 1343 Patre
587 1297 678 1342 meo.
731 1272 780 1343 Et
800 1298 906 1344 nemo
930 1275 1035 1383 novit
1055 1261 1191 1363 Filium,

169 1389 237 1468 nisi
268 1388 400 1462 Pater:
445 1415 562 1484 neque
596 1374 736 1461 Patrem
770 1390 849 1483 quis
884 1376 1009 1479 novit,
1049 1391 1113 1466 nist
1105 1393 1195 1467 Fi·
1226 1380 1228 1393 ι

167 1507 261 1598 lius,
302 1506 423 1578 eccui
452 1504 607 1579 voluerit
642 1504 749 1577 Filius
784 1509 980 1578 1·.evelare
966 1510 988 1544 “
1053 1488 1227 1640 Quibus
1226 1576 1228 1583 .

168 1622 335 1715 nimirum
360 1620 500 1694 Deus
491 1649 565 1717 rpse
594 1643 645 1694 est
668 1649 801 1696 merces
831 1623 891 1694 illa
914 1650 1044 1734 magna
1070 1626 1181 1712 nimis,

167 1767 276 1837 quam
299 1765 391 1812 vens
411 1733 492 1810 filus
510 1740 666 1810 Abrahae
681 1739 778 1834 ‚qui
801 1765 875 1811 non
899 1741 980 1812 sunt
1000 1743 1183 1817 secundum
1223 1742 1228 1815 ἑ

170 1884 312 1950 carnem
340 1853 400 1945 a),
435 1855 534 1928 iuxta
564 1860 786 1952 apostolum,
814 1855 1004 1952 promisit:
1034 1884 1104 1956 qua
1126 1848 1183 1957 pro
1226 1904 1228 1909 ·

158 1974 332 2065 mercede
356 1974 393 2042 in
423 1975 496 2046 vita
526 1994 657 2046 aeterna
686 1973 770 2043 nihil
797 1985 1018 2068 potest-esse
1044 1977 1184 2062 durum,

168 2109 205 2183 et
227 2114 334 2183 grave
361 2088 398 2158 in
419 2082 485 2160 lrac
505 2089 598 2175 vita,
625 2092 725 2183 quod
752 2088 863 2184 gratia
884 2074 1074 2187 Evangelii
1094 2093 1187 2166 Chri·

167 2205 211 2277 sti
235 2205 276 2276 fit
292 2207 381 2277 leve.
433 2195 552 2298 Pergit
572 2205 685 2282 eninr:
713 2206 877 2291 „Venite
899 2207 944 2278 ad
966 2235 1024 2281 me
1050 2236 1184 2295 omnes,
1222 2242 1228 2310 j

167 2347 230 2418 qur
222 2315 494 2406 laborans
459 2339 494 2392 et
513 2321 649 2392 onerati
669 2323 770 2410 esti',s
799 2344 833 2395 et
854 2348 922 2418 ego
940 2325 1097 2398 reficiam
1116 2353 1184 2399 vos.
1226 2382 1228 2409 ;

167 2436 340 2511 Tollite
330 2426 452 2531 iugum
479 2463 597 2509 meum
623 2429 728 2534 super
751 2465 838 2526 vos,
867 2459 901 2510 et
922 2440 1048 2513 discite
1072 2469 1094 2514 a
1116 2469 1185 2528 me,
1226 2466 1228 2473 ·

55 2649 57 2652 y
166 2553 251 2653 quia
274 2552 365 2627 mitis
388 2555 463 2627 sum
488 2573 523 2626 et
543 2545 683 2627 humilis
710 2557 841 2629 corde:
867 2577 902 2628 et
928 2540 1119 2634 invenietis
1143 2586 1187 2631 re

112 2748 113 2753 ,
165 2672 287 2768 quiem
311 2671 493 2743 ammabus
511 2693 648 2745 vestus
683 2663 812 2769 iugum
834 2672 927 2743 enim
945 2700 1066 2747 meum
1085 2679 1184 2750 suave

166 2809 238 2876 est,
264 2808 299 2860 et
322 2815 413 2860 onus
441 2815 559 2860 meum
578 2791 701 2861 leve
753 2789 840 2861 Non
859 2810 1013 2878 retrcurt
1041 2793 1103 2865 led
1122 2792 1220 2866 surs·

165 2897 343 3002 discipulis
366 2907 456 3001 saepe
477 2905 643 3000 praedixit
667 2906 849 2993 Christus,
877 2932 956 3001 quae
978 2908 1099 3004 ipsum
1123 2935 1185 2981 nn·

113 3109 116 3114 ¹
164 3042 291 3096 nerent
317 3021 352 3092 in
379 3023 541 3094 1555νί55
567 3013 779 3132 perferenda
803 3025 984 3120 usquead
1010 3047 1183 3112 mortem,

163 3160 316 3235 mortem
339 3165 382 3210 au
386 3156 454 3209 tem
474 3140 584 3211 crucis
603 3126 657 3227 bl:
685 3131 814 3233 „Quia
837 3160 1020 3237 oporteret
1041 3170 1123 3216 eum
1141 3143 1183 3215 ire

163 3257 438 3354 lerosolymam,
468 3274 502 3327 et
526 3258 718 3331 multat
657 3257 730 3353 pati
757 3254 1022 3346 refertioribus,
1055 3238 1185 3334 etfcri·

162 3359 236 3462 bis,
255 3394 290 3446 et
313 3371 531 3470 principibus
553 3375 793 3462 sacerdotum,
812 3394 847 3447 et
872 3373 1012 3478 occidiq
1031 3395 1067 3449 et
1092 3375 1184 3451 tertia

163 3490 230 3583 die
247 3509 438 3588 resurgere.
453 3493 473 3524 “
540 3488 592 3563 Ut
619 3492 784 3568 nimirum
820 3493 883 3565 suo
915 3485 1111 3591 exemplo,
1130 3518 1183 3591 ¹ac

139 3608 223 3704 ‚spe
269 3608 549 3682 resurrectionis
574 3634 636 3681 eos
675 3600 721 3682 ad
755 3608 967 3691 imitandum
1004 3610 1181 3684 animaret.

156 3723 333 3821 *Dumque
364 3721 398 3815 c)
429 3753 640 3813 „assumens
673 3752 754 3801 eum
782 3724 907 3798 Petrus
935 3725 1045 3823 coepit
1075 3712 1179 3802 incre·

106 3923 110 3930 ¹
159 3862 246 3940 pare
271 3835 370 3911 illum
397 3841 541 3917 dicens:
568 3839 676 3916 Absit
700 3869 721 3915 5
747 3863 779 3914 te
804 3837 984 3915 Domine:
1013 3870 1092 3916 non
1127 3843 1183 3917 erit

201 3990 326 4068 nrum.
351 3991 461 4088 1·X.7.f
539 3990 569 4069 b)
590 3994 690 4055 Matri.
714 3991 795 4055 XVI.
820 4008 866 4053 21·
957 3991 1228 4087 0155555555·-
