2460 4560
246 355 318 409 202
561 325 793 359 -““

103 479 217 551 0⁰⁰¹·
246 484 302 582 pit
326 482 434 561 Filius
463 481 556 570 Dei,
591 484 744 557 existens
770 485 914 583 semper
943 489 1040 585 apud
1060 485 1105 558 Pa·

138 592 177 646 ¹¹·
249 624 355 688 trem;
381 602 442 674 sed
465 602 611 696 quando
635 603 837 680 incarnatus
859 624 936 691 est,
960 626 998 678 et
1015 607 1106 677 homo

90 696 376 806 wwiactus,
411 723 556 814 longam
582 720 768 798 homiuum
791 722 1059 817 expositionem
1080 722 1108 793 in

245 840 362 935 {eipso
392 837 664 934 recapitulavit,
702 836 739 907 in
769 840 996 940 compendio
1023 839 1107 911 nobis

244 959 389 1029 salutem
420 977 613 1052 praestans,
653 974 693 1025 ut
722 955 823 1048 quod
851 956 1105 1058 perdideramus

245 1075 283 1144 in
310 1073 452 1159 Adam,
484 1072 522 1142 id
546 1090 600 1143 est
624 1071 817 1150 secundum
844 1071 1107 1168 imaginem,·tt

245 1175 504 1263 similitudinem
543 1213 618 1259 esse
653 1187 748 1282 Dei,
787 1186 861 1260 ho'c
899 1189 939 1266 in
977 1190 1104 1262 Christo

243 1310 325 1382 Jesu
356 1305 636 1402 reciperemus.“
706 1305 750 1385 Et
779 1304 818 1380 id
851 1306 1003 1400 quidem
1041 1332 1105 1380 cun

240 1427 377 1499 foenore
400 1422 722 1501 misericordissima
738 1421 776 1500 in
794 1448 860 1495 nos
881 1423 961 1497 Dei
979 1426 1103 1523 pietate,

248 1569 289 1615 ac
328 1539 637 1637 superabundante
675 1540 787 1634 gratia
811 1541 850 1610 in
882 1542 1054 1630 Christo,
1083 1561 1108 1614 et

244 1660 372 1734 iustitia
388 1659 487 1732 iuxta
504 1659 721 1754 Apostolum
740 1654 799 1746 u):
833 1667 890 1729 Ubi
907 1683 1016 1733 autem
1032 1673 1108 1734 abun
1143 1678 1145 1709 ¹

244 1791 338 1851 davit
360 1788 523 1863 delictum,
548 1783 819 1865 superabundavit
832 1788 966 1865 gratia,
993 1801 1030 1850 ut
1042 1783 1109 1863 ficut

242 1909 384 1982 regnauit
398 1917 561 1986 peccatum
581 1906 615 1964 in
633 1915 778 1976 mortem,
803 1903 854 1962 ita
874 1915 907 1964 et
923 1909 1036 1979 gratia
1058 1923 1108 1978 reg·
1142 1926 1145 1977 i

242 2036 294 2084 net
320 2042 379 2102 per
406 2024 562 2082 iustitium
581 2023 613 2080 in
641 2023 743 2080 vitum
773 2030 917 2082 aternum
936 2041 999 2102 per
1018 2022 1112 2093 Jesnnt
1143 2010 1145 2085 i

245 2140 397 2198 Christum
414 2137 580 2197 Dominum
601 2148 748 2201 nostrum.
790 2125 859 2197 Pe'r
883 2128 1109 2230 adoptionem
1143 2118 1146 2139 ¹

240 2244 403 2316 nimirum
431 2244 468 2314 in
493 2243 586 2314 filios
614 2242 710 2329 Dei,
751 2242 795 2313 de
824 2243 896 2338 qua
928 2248 1036 2318 nobis
1060 2245 1108 2317 hic

242 2361 275 2432 S.
295 2363 448 2432 Joannes
467 2380 630 2447 testatur,
656 2380 690 2433 et
707 2359 907 2456 Apostolus
928 2359 1108 2459 posteat),

242 2491 327 2572 quod
330 2487 442 2567 firmus
454 2486 515 2564 filii
532 2487 609 2563 Dei,
626 2491 655 2547 si
671 2501 775 2549 autem
785 2486 848 2563 filii
865 2502 898 2550 et
913 2490 1045 2552 lraercdes
1061 2503 1106 2552 ttt.

240 2599 296 2670 Sic
318 2597 417 2668 iuxta
444 2595 597 2674 eundem
624 2595 838 2691 Apostolum
863 2592 898 2685 c)
919 2610 1105 2687 praedestina·
1144 2622 1146 2711 i

236 2729 286 2785 uir
311 2745 365 2785 uos
384 2727 418 2784 in
443 2725 636 2802 adoptionem
654 2720 793 2797 filiorum
816 2741 876 2802 per
895 2723 1008 2793 Jesum
1036 2724 1104 2784 Clui-
1143 2714 1147 2755 ὅ

236 2856 317 2902 stum
340 2846 372 2901 in
399 2843 520 2921 ipsum,
536 2838 707 2918 secundum
724 2840 922 2918 propositum
942 2842 1104 2903 voluntatis

223 2959 311 3038 flur,
338 2961 371 3019 in
390 2959 512 3028 laudem
526 2958 628 3032 gloria
645 2959 753 3032 gratie
767 2954 851 3033 fita,
878 2960 912 3017 in
930 2976 999 3039 qua
1017 2957 1102 3034 grati·
1145 3038 1147 3043 Ι

228 3074 344 3150 stravit
372 3092 426 3134 nos
449 3076 482 3132 in
502 3074 612 3135 dilecto
642 3073 721 3134 Filio
734 3071 820 3151 suo,
850 3063 896 3134 de
924 3089 1002 3159 quo
1027 3087 1101 3136 mox

235 3181 357 3252 affatus
379 3179 573 3276 Ephesios;
599 3191 665 3251 Nou
682 3209 780 3266 cesso,
800 3178 865 3267 ait,
880 3195 1008 3266 gratias
1024 3207 1102 3268 agenr

230 3307 411 3389 pronubis,
433 3310 611 3368 memorium
631 3310 725 3369 uestri
734 3306 858 3384 faciens
874 3310 907 3369 iu
924 3309 1103 3372 orationibus

236 3428 331 3488 meis:
359 3436 405 3495 ut·
418 3422 520 3503 Deus,
542 3423 668 3505 Domini
686 3427 781 3493 nostri
792 3423 868 3499 Jesu
886 3425 1001 3489 Christi
1021 3427 1102 3486 Putet

232 3545 356 3617 glorie,
391 3530 443 3603 liet
466 3543 554 3611 uobis
567 3540 720 3621 spiritum
734 3539 921 3622 supientia,
946 3557 978 3604 et
997 3541 1100 3606 reuel-

232 3661 324 3719 tiouis
344 3663 377 3718 in
394 3663 548 3738 agnitione
569 3661 654 3721 eius:
681 3659 872 3729 illuminator
892 3661 998 3722 oculos
1016 3622 1100 3733 cnidii

229 3779 349 3852 uestri,
376 3790 413 3838 ut
426 3775 564 3855 scintis,
587 3793 650 3860 quat
664 3772 710 3863 stt
721 3774 797 3857 spes
819 3780 1004 3840 vocationis
1027 3781 1098 3850 elus,

272 3947 302 4020 a)
327 3946 479 4104 foghl'}
499 3967 541 4010 20.
642 3949 673 4020 t>
696 3948 738 4010 u.
770 3948 853 4012 Vlll·
886 3966 929 4011 ro.

313 4050 327 4084 c
424 4068 431 4086 .
477 4069 486 4088 .
517 4050 543 4100 ς.
781 4072 783 4077 ·
