2460 4560
905 371 976 438 203

99 521 132 573 ct
151 526 217 591 pua
238 507 353 568 divitia
370 505 473 580 gloria
493 506 680 569 hereditatis
706 508 771 571 eius
791 509 824 567 iu
838 505 979 585 sanctis,
1008 495 1123 584 Cleua*

98 614 303 688 haeredibus
326 613 469 707 quidem
485 611 577 698 Dei,
603 614 846 685 cohaeredibus
864 635 980 699 autem
1045 607 1083 664 ¹¹·

100 730 238 802 Christi
259 729 296 812 in
316 730 446 813 ¹sortem
472 729 625 813 filiorum
650 729 724 813 Dei
746 731 933 840 adoptatis.
1000 715 1142 774 W*

180 964 273 1057 Quis
301 987 388 1034 vero
419 989 575 1058 unquam
607 982 707 1057 pater
737 958 847 1038 filium
877 968 978 1049 suum

98 1080 247 1154 unicum
279 1079 327 1162 ita
362 1080 537 1162 haeredem
573 1079 750 1169 instituit,
791 1083 879 1154 ficut
908 1111 978 1165 nos

97 1198 208 1270 Pater
235 1218 354 1278 noster
382 1198 558 1298 coelestis,¹
580 1197 641 1291 qui
672 1225 709 1277 se
737 1199 851 1294 ipsum
874 1201 979 1272 nobis

98 1315 138 1385 in
156 1334 288 1396 aeterna
307 1313 471 1394 beatitate
490 1315 549 1384 dat
568 1315 739 1397 summum
756 1317 891 1387 bonum
910 1343 977 1412 pro

99 1431 307 1510 haereditate
328 1450 467 1513 nostra:
497 1429 558 1525 qui
584 1443 724 1514 videmus
747 1433 890 1527 quidem
912 1431 977 1523 a),

95 1578 153 1639 per
167 1557 329 1637 speculum
351 1559 383 1615 in
408 1531 583 1644 aenigmate,
609 1570 682 1619 tunc
707 1564 810 1620 autem
824 1560 913 1637 fucit
936 1561 980 1621 ad

89 1675 212 1754 faciem
231 1663 328 1745 iuxta
349 1663 579 1758 Apostolum.
632 1665 745 1760 Quod
766 1666 870 1736 nobis
891 1668 980 1743 edis·

97 1807 220 1853 serens
252 1780 285 1852 S.
318 1780 491 1865 loannes,
528 1789 720 1866 charissimi,
757 1781 872 1875 inquit
902 1779 974 1870 b),

96 1926 177 1969 nunc
194 1905 257 1983 filii
278 1904 337 1969 Dei
349 1905 483 1984 sumus,
511 1918 542 1966 et
561 1908 687 1969 necdum
709 1911 877 1987 apparuit,
904 1910 982 1990 quid

96 2027 221 2087 erimus.
272 2023 407 2098 Scimus,
428 2014 576 2104 'quonium
595 2041 663 2095 cum
681 1995 879 2104 apparuerit,
892 2022 980 2101 fimi·

85 2142 143 2203 les
163 2144 191 2202 ei
212 2132 343 2202 erimus.-
371 2142 516 2221 pilonium
533 2139 702 2200 uidebimus
725 2159 792 2215 tum
807 2138 902 2217 fiunti
922 2154 976 2204 est.

98 2248 196 2320 Rem
230 2245 335 2318 nobis
370 2246 465 2328 idem
498 2246 698 2342 Apostolus
735 2247 771 2318 in
801 2249 975 2345 principio

96 2360 150 2438 sui
176 2362 365 2458 Evangelii
395 2353 571 2460 explicat,
608 2365 793 2460 quomodo
828 2379 860 2447 in
886 2379 975 2457 ipso,

96 2481 225 2553 Verbo
257 2479 404 2567 divino,
439 2494 511 2551 vitu
540 2503 633 2566 erut,
672 2503 702 2552 et
727 2494 890 2564 viruerat
919 2494 976 2565 lux

96 2610 276 2698 hominum,
304 2618 343 2683 ut
365 2597 528 2680 nimirum
553 2623 620 2668 nos
641 2596 676 2679 in
698 2598 799 2692 ipso,
823 2599 884 2692 qui
904 2599 977 2671 vita

99 2737 176 2801 est,
204 2714 423 2801 viveremus,
459 2733 495 2786 et
523 2735 653 2800 naturae
679 2713 765 2786 lucis
797 2715 900 2786 huius
926 2716 977 2786 di·

96 2834 190 2907 vinae
214 2832 482 2935 participatione
505 2830 572 2927 ipsi
600 2831 638 2901 in
662 2831 753 2917 filios
777 2831 851 2903 Dei
874 2832 976 2904 subli-

98 2974 247 3021 memur.
296 2934 463 3045 Etiplicat
489 2948 635 3043 quidem
665 2948 852 3044 deinceps,
888 2976 975 3045 quoe

97 3067 212 3138 modo
228 3069 291 3149 lux
307 3065 342 3136 in
362 3066 515 3149 tenebris
538 3068 658 3151 lucet,'
673 3086 707 3148 et
724 3067 878 3151 tenebtae
898 3093 973 3140 eam

97 3211 176 3256 non
203 3183 568 3280 comprehenderunt,
596 3183 760 3266 excaecati
780 3209 907 3279 nempe
928 3185 975 3255 ad

96 3306 216 3374 lucem
242 3301 447 3397 Evangelii:
476 3300 662 3405 quomodo
685 3300 769 3386 item
795 3313 828 3369 in
845 3313 977 3389 propria

96 3431 204 3504 veuit,
231 3440 262 3490 et
280 3426 337 3506 sui
364 3446 432 3490 eum
461 3447 520 3501 uon
546 3438 720 3506 receperunt
742 3415 854 3486 ludaei
877 3416 976 3498 nimi·

97 3563 198 3623 rum,
219 3561 239 3607 a
261 3535 386 3630 quibus
403 3536 486 3618 ideo
507 3538 570 3620 lux
591 3535 667 3620 haee
686 3531 807 3614 divina
828 3532 872 3603 ad
891 3558 976 3626 gen-

96 3673 150 3726 tes
175 3651 359 3750 pervenit:
388 3662 548 3745 Quotquot
569 3674 672 3732 autem
691 3672 866 3738 receperunt
885 3679 973 3736 eum,

95 3781 183 3844 dedit
208 3783 251 3843 eis
274 3791 462 3860 potestatem
484 3777 568 3862 filios
597 3777 656 3851 Dei
677 3774 758 3866 fieri,
825 3760 975 3855 Ἐξεο-ὶοιν

95 3890 206 3962 habet
238 3887 491 3982 Evangelista‚
527 3912 605 3982 quae
639 3905 675 3961 et
708 3885 899 3968 humanam
935 3885 975 3968 in

136 4037 480 4118 ·)1.or.X111.n.
520 4110 524 4118 .
568 4037 599 4112 t)
626 4037 649 4098 l.
672 4035 749 4103 Joau.
774 4037 832 4098 Ill.
856 4054 882 4097 2.
