2460 4560
457 373 687 391 --...-2.
990 316 1077 439 ⁸189

48 512 83 568 et
93 501 311 579 cognoscebant
326 516 395 575 eor,
414 501 568 582 quintum
577 495 799 587 Jerufuerant.
827 490 998 584 Quinimo
1013 520 1081 567 nec

53 612 206 708 quidem
221 633 295 680 non
314 605 476 679 confiteri
495 624 691 700 potuerunt
708 606 758 678 rei
775 608 977 695 veritatem,
996 611 1081 683 dum

52 726 202 802 remotis
236 723 411 820 apostolis.
434 723 635 794 conferrent
664 722 754 795 inter
788 749 825 796 se
852 735 983 796 dicentes
1011 726 1079 815 a):

55 855 142 938 ,Quid
151 853 310 932 faciemus
332 851 504 914 bominibus
531 848 641 909 istis?
663 853 808 931 quoniam
830 851 951 933 quidem
977 864 1083 913 notum
1156 829 1160 833 Ι

48 969 319 1051 fignum'fuctum
342 979 386 1028 ert
402 985 462 1048 per
488 984 536 1027 tor
563 967 701 1029 omnibus
726 967 937 1028 habitantibus
961 967 1086 1037 Jerusa-

54 1090 136 1151 lem:
153 1084 351 1163 manufestum
364 1095 426 1160 est,
444 1100 503 1143 non
513 1100 678 1162 possumus
695 1101 823 1160 negare,
839 1074 965 1146 frustra
990 1100 1086 1146 com·
1149 1057 1154 1067 ⁵

54 1192 200 1278 minati,
225 1220 261 1262 ne
284 1201 369 1265 ultra
386 1201 551 1282 loquantur
567 1201 604 1259 'in
625 1203 744 1261 nomine
768 1200 896 1260 botulli
917 1201 1075 1287 bominum

57 1299 168 1395 dm
195 1327 235 1379 ut
260 1326 362 1378 antea
382 1320 502 1378 virtute
524 1333 636 1390 magna
660 1317 822 1379 reddebant
842 1318 974 1396 apostoli
996 1319 1081 1378 resti-

56 1440 197 1500 monium
219 1435 444 1496 rerurrectionis
465 1431 505 1493 D.
525 1433 563 1493 N.
581 1432 613 1502 J.
637 1422 862 1519 wdeinceps
880 1425 959 1496 caesi
977 1424 1082 1496 etiam
1173 1420 1176 1429 ⁴

58 1557 148 1618 ibunt
166 1550 334 1626 gaudentes
350 1568 372 1610 a
391 1560 547 1630 conpectu
566 1550 703 1626 concilii,
723 1554 868 1631 quoniam
885 1552 967 1625 digni
984 1551 1086 1612 babiti

47 1668 133 1749 fitnt
159 1686 217 1746 pro
246 1647 364 1727 riomine
390 1666 463 1736 Jtru
495 1667 707 1726 contumeliam
730 1670 832 1746 poti,
869 1637 943 1728 non
968 1658 1083 1729 solum

60 1772 322 1868 Hierosolymis
336 1793 395 1844 aut
409 1773 445 1841 in
459 1771 476 1841 J
480 1770 598 1856 odera,
615 1771 675 1841 sed
690 1797 753 1866 per
766 1771 968 1842 universum
982 1798 1082 1843 murr-

60 1893 148 1964 dum
171 1889 336 1985 intrepidi
358 1913 422 1983 per
443 1907 635 1972 tormenta,
659 1907 891 1981 permortes:
917 1887 978 1981 qui
1000 1914 1082 1983 pro·

58 2009 155 2095 fecto
177 2031 243 2077 nec
262 2005 330 2101 ipsi
350 2003 398 2074 ita
415 2002 574 2098 desipere
592 2003 807 2098 potuissent,
830 2009 895 2075 irec
914 2004 1001 2076 alios
1024 2006 1083 2078 de·

61 2126 200 2222 cipere,
224 2121 253 2193 si
278 2119 437 2193 Christus
456 2145 530 2190 non
548 2145 631 2191 vere
655 2120 909 2193 resurrexisset.
960 2122 1084 2208 „Tria

59 2243 143 2314 sunt
165 2237 384 2310 incredibilia
411 2237 476 2329 (ut
498 2263 578 2308 cum
601 2235 632 2308 S.
660 2236 859 2332 Augustino
882 2235 920 2329 b)
941 2216 1084 2313 conclu-

63 2353 176 2446 dam)
203 2380 281 2450 quae
299 2374 415 2426 tamen
433 2354 524 2425 facta
541 2355 631 2425 sunt.-
676 2354 888 2428 Incredibile
913 2376 966 2428 est
983 2357 1085 2428 Chri-

62 2496 158 2547 stum
179 2471 408 2542 resurrexisse
429 2468 466 2540 in
486 2496 609 2556 carne,
630 2491 664 2542 et
683 2472 720 2542 in
739 2476 866 2544 coelum
884 2462 1083 2547 ascendisse

62 2617 146 2664 cum
173 2614 277 2660 carne
291 2615 313 2658 :¹
333 2587 539 2659 incredibile
560 2606 613 2658 est
630 2589 809 2666 ,mundum
837 2615 910 2660 rem
938 2609 1006 2660 tam
1033 2589 1084 2660 in·

63 2706 270 2782 credibilem
297 2703 505 2776 credidisse:
543 2704 748 2776 incredibile
776 2726 827 2777 est
851 2704 1012 2783 homines
1035 2706 1086 2803 ig-

62 2823 225 2908 nobiles,
251 2821 417 2908 infimos,
439 2819 692 2916 paucissimos,
714 2821 895 2918 imperitos
915 2849 988 2895 rem
1011 2844 1084 2898 tam

63 2937 325 3025 incredibilem,
344 2957 414 3009 tam
430 2936 615 3041 efficaciter
628 2939 783 3024 mundo,
802 2958 837 3010 et
855 2939 890 3010 in
904 2939 964 3010 illo
980 2940 1087 3015 etiam'

64 3056 182 3129 doctis
208 3055 418 3151 persuadere
444 3055 614 3151 potuisse.
678 3054 817 3127 Horum
846 3055 948 3127 trium
976 3054 1090 3132 incre,

65 3173 228 3245 dibilium
252 3173 403 3268 primum
427 3174 555 3242 nolunt
574 3172 649 3260 isti,
677 3199 757 3245 cum
781 3171 908 3265 quibus
931 3172 1085 3268 agimus,

65 3291 231 3366 credere,
249 3289 442 3362 secundum
462 3310 639 3382 coguntur
659 3309 694 3360 et
711 3313 872 3373 cernere3
892 3289 991 3381 quod
1010 3316 1086 3362 non

64 3404 275 3493 inveniunt,
299 3405 395 3476 unde
414 3405 452 3475 srt
469 3405 617 3491 lactum,
636 3405 664 3476 si
682 3430 755 3475 non
771 3404 919 3475 credunt
932 3404 1084 3481 tertium.
1102 3475 1104 3480 ,
1177 3394 1180 3399 ’

65 3521 299 3596 Resurrectio
319 3503 424 3593 certe·
437 3518 587 3606 Christi,
611 3519 648 3592 et
665 3520 702 3590 in
720 3522 846 3590 coelum
869 3545 949 3590 cum
969 3548 1086 3614 carne,

64 3640 103 3712 in
121 3666 192 3735 qua
213 3638 421 3725 resurrexit,
450 3636 627 3724 ascensio,
656 3654 733 3707 toto
757 3635 825 3706 iam
846 3639 982 3710 mundo
1001 3665 1088 3736 prte-

67 3757 207 3828 dicatur
237 3774 271 3828 et
300 3755 473 3827 creditur:
510 3754 538 3826 si
570 3749 743 3826 credibilis
775 3779 851 3824 non
882 3774 955 3842 est,
990 3758 1088 3828 unde

65 3893 149 3948 toto
170 3892 339 3944 terrarum
361 3871 448 3959 orbe
467 3873 534 3944 iam
553 3869 684 3944 credita
703 3870 786 3942 est?
813 3870 848 3941 Si
869 3872 967 3943 multi
989 3872 1090 3944 nobi.

109 4023 141 4100 a)
162 4021 222 4078 Art.
244 4021 296 4085 lV.
323 4025 365 4085 16.
454 4023 484 4101 b)
506 3972 562 4078 tit.
586 4020 626 4084 11.
648 3978 774 4083 tresvir.
802 4022 862 4079 Dei.
884 4038 905 4078 e.
931 4035 955 4090 ς.
