2460 4560
556 350 787 370 ......-t——.-
1217 340 1224 359 ¹

161 339 232 397 120

159 467 261 541 cuius
296 465 454 554 „uberes
481 464 616 536 fructus
648 489 731 558 ager
757 450 898 536 attulit:
939 481 976 538 et
1007 459 1182 563 cogitabat
1218 402 1224 625 ἲ

159 584 252 657 iutra
279 611 316 656 se
347 583 489 654 dicens:
532 581 631 674 Quid
656 579 801 666 faciam,
828 578 911 675 quia
942 608 1021 654 non
1049 585 1182 674 habeo,
1217 618 1224 671 l

161 727 235 796 quo
258 725 471 796 congregem
497 699 630 770 fructus
660 698 793 768 meos?
830 697 879 769 Et
905 696 1018 787 dixit,
1044 702 1119 775 hoc
1142 704 1181 775 fa«
1221 686 1224 791 i

162 819 274 890 ciam:
320 812 497 887 destruani
524 817 651 896 horrea
681 840 777 900 mea,
816 835 855 886 et
879 815 1017 888 maiora
1042 818 1179 893 faciam:
1222 846 1224 853 ¹

162 956 199 1007 et
227 936 309 1006 illuc
336 932 567 1028 congregabo
596 932 734 1018 omnia,
763 956 841 1026 quae
871 952 954 1005 nata
978 936 1063 1008 sunt
1083 935 1180 1024 mihi,

162 1071 199 1123 et
224 1051 322 1121 bona
347 1075 435 1123 mea.
496 1049 544 1121 Et
571 1047 685 1119 dicam
714 1048 837 1119 animae
863 1074 979 1122 meae:
1031 1037 1180 1140 Anima,

47 1184 55 1190 ’
161 1167 273 1242 habes
291 1171 410 1238 'multa
439 1166 538 1237 bona
566 1164 683 1260 posita
716 1164 751 1234 in
782 1191 895 1238 annos
916 1166 1112 1262 plurimos:
1138 1195 1182 1241 re·

45 1328 48 1333 <
150 1284 330 1379 quiesce,
367 1283 538 1369 comede,
574 1281 681 1367 bibe,
718 1284 870 1376 epulare.
931 1282 1042 1357 Dixit
1072 1305 1180 1358 autem

162 1400 213 1479 illi
235 1400 363 1473 Deus:
391 1399 519 1486 Stulte,
542 1399 608 1470 hac
623 1417 728 1500 noete
748 1397 898 1473 animam
917 1417 1014 1473 tuam
1029 1420 1182 1500 repetent

42 1511 46 1516 ¹
160 1537 258 1593 ate:
287 1542 366 1611 quae
387 1536 502 1587 autem
520 1514 649 1611 parasti
666 1515 765 1587 cuius
790 1518 921 1588 erunt?
949 1517 1007 1590 Sic
1030 1538 1101 1607 est,
1128 1517 1182 1616 qui

95 1632 97 1636 ’
164 1634 229 1711 stbi
256 1633 486 1721 thesaurizat,
515 1652 550 1710 et
574 1658 651 1707 non
677 1653 730 1704 est
754 1633 791 1704 in
815 1632 937 1711 Deum
968 1633 1083 1709 dives.
1094 1640 1116 1676 “

239 1867 316 1940 lam
336 1869 440 1965 supra
462 1893 507 1938 ex
525 1864 696 1939 Matthaei
717 1862 786 1937 Vl:
805 1864 1002 1961 attigimus,
1031 1893 1112 1966 quae
1133 1869 1183 1943 hic

163 2011 252 2059 mox
277 1984 395 2056 subdit
422 1985 537 2055 Lucas
563 1980 604 2076 a)
631 1982 767 2054 Christi
799 1982 892 2055 dicta
919 1985 968 2070 ad
998 1986 1205 2084 discipulos*

162 2105 265 2187 suos,
292 2127 338 2171 ne
364 2101 503 2175 solliciti
530 2101 616 2186 sant,
642 2100 729 2194 quid
755 2101 1034 2191 manducarent,
1061 2125 1122 2177 aut
1142 2104 1185 2175 in·

41 2203 57 2213 '¹
166 2213 337 2303 duerent,
373 2243 501 2288 corvos
528 2217 585 2288 hic
615 2216 812 2304 inducens,
849 2217 965 2313 „quia
993 2246 1071 2292 non
1097 2221 1187 2293 semi·

135 2351 271 2437 ‘nantl,
308 2358 423 2429 neque
449 2352 609 2420 metunt,
647 2333 777 2428 quibus
803 2360 878 2406 non
909 2353 961 2406 est
990 2332 1187 2423 cellarium,

64 2532 67 2539 ,
166 2478 283 2549 neque
304 2452 490 2538 horreum,
514 2449 663 2526 etDeus
686 2449 801 2545 pascit
823 2449 913 2522 illos.
950 2451 1103 2544 Quanto
1117 2481 1188 2526 ma·

160 2571 219 2668 gis
253 2594 320 2641 vos
354 2568 464 2666 pluris
499 2568 580 2641 estis
615 2567 713 2639 illis?
760 2567 854 2658 ,Quis
888 2588 1005 2639 autem
1035 2591 1189 2644 vestrum

163 2686 358 2782 cogitando
389 2706 506 2781 potest
533 2685 683 2757 adiicere
711 2684 756 2755 ad
784 2684 947 2756 staturam
972 2675 1071 2759 suam
1099 2689 1189 2762 cubi·

165 2822 242 2876 tum
260 2804 406 2877 unum?
435 2802 470 2873 Si
497 2827 605 2897 etg0,
632 2826 748 2896 neque
776 2801 875 2896 quod
904 2788 1102 2880 minimum..
1121 2825 1189 2892 est,

70 2928 80 2943 “
164 2917 338 3019 potestis,
367 2919 455 3014 quid
481 2919 527 2990 de
550 2920 682 2990 caeteris
706 2918 842 2990 solliciti
870 2918 980 3004 estis?
1017 2921 1192 2995 Conside-¹

87 3106 95 3112 .
164 3014 346 3122 ratelilia,
375 3037 561 3130 quomodo
584 3054 760 3109 creseunt:
790 3063 864 3108 non
887 3035 1054 3110 laborant
1076 3065 1191 3136 neque

165 3172 274 3226 nent:
316 3151 397 3222 dico
426 3172 543 3224 autem
572 3151 700 3238 vobis,
738 3180 805 3226 nec
828 3154 1000 3225 Salomon
1027 3155 1068 3226 in
1095 3156 1192 3230 omui

165 3266 279 3372 gloria
310 3270 372 3341 sua
402 3260 643 3358 vestiebatur,
683 3269 772 3343 ficut
799 3297 909 3344 unum
942 3297 987 3342 ex
1017 3271 1107 3345 istis.
1160 3271 1191 3344 si

164 3408 284 3466 autem
312 3387 466 3472 fontium,
503 3387 603 3484 quod
627 3387 738 3460 hodie
763 3386 799 3459 in
830 3413 917 3484 agro
944 3409 1035 3476 est,
1059 3407 1095 3462 et
1119 3415 1191 3464 cras

163 3504 203 3584 in
237 3503 416 3581 clibanum
447 3504 614 3594 mittitur,
653 3504 758 3580 Deus
796 3505 841 3576 fic
876 3504 1010 3578 vestit:
1056 3526 1191 3604 quanto

165 3621 279 3716 magis
309 3646 376 3695 vos
402 3622 537 3720 pusillae
565 3621 687 3696 fidei?
714 3679 723 3701 .
752 3679 760 3694 .
789 3679 797 3697 .
838 3621 888 3695 Et
916 3648 984 3696 vos
1015 3624 1130 3704 nolite
1156 3625 1190 3696 in

164 3739 313 3823 sublime
334 3741 430 3812 tolli:
451 3742 539 3814 Haec
557 3741 649 3814 enim
670 3739 791 3813 omnia
805 3759 935 3841 gentes
953 3735 1083 3813 mundi
1102 3765 1190 3838 quae·

163 3879 266 3946 tunt,
294 3857 399 3930 Pater
427 3878 546 3941 antem
573 3877 692 3938 vester
714 3857 796 3952 scit,
823 3859 995 3963 quoniam
1020 3858 1077 3937 his
1103 3857 1189 3934 indi·

205 4009 237 4084 a)
263 3989 325 4070 aaa
352 4007 422 4073 aaa
449 4025 501 4071 22.-
