2460 4560
376 355 381 377 ι
499 328 732 380 m

1073 359 1125 429 45

94 481 215 561 bunt?
236 480 380 577 Quibus
392 479 468 579 ipse
484 481 546 554 ait:
566 480 741 577 Nunquid
756 483 903 577 potestis
917 484 1007 558 filios
1020 487 1125 584 spon.

97 606 138 692 si,
149 605 233 675 dum
244 629 326 675 cum
337 601 403 673 illis
416 619 468 672 est
477 601 638 696 sponsus,
648 600 762 671 facere
772 600 928 676 ieiunare
938 603 956 673 ‘i
967 602 1124 680 Venient

96 740 214 794 autem
246 719 342 803 dies,
385 743 469 789 cum
493 716 629 816 ablatus
652 715 757 804 fuerit
782 717 827 788 ab
859 717 925 789 illis
950 719 1126 814 sponsus',

94 860 181 912 tuuc
205 835 417 908 ieiunabunt
438 834 475 905 in
492 832 560 905 illis
580 832 718 908 diebus.
728 835 751 870 “
801 833 890 906 Sunt
906 834 944 905 hi
970 835 1045 907 dies
1065 836 1127 926 illi,

96 956 140 1028 de
164 954 298 1051 quibus
321 951 512 1046 aliquando
538 947 701 1020 Christus
727 947 920 1046 discipulos
939 954 1128 1041 allocutus,

100 1084 253 1157 Venient,
288 1069 404 1164 inquit
437 1064 497 1156 a),
535 1077 625 1152 dier,
656 1075 781 1156 quando
814 1076 988 1140 desideretis
1019 1081 1130 1142 videre

97 1218 194 1261 unum
216 1197 298 1258 diem
317 1193 380 1270 filii
405 1181 557 1269 hominist
581 1204 613 1253 et
637 1210 697 1253 non
720 1192 876 1254 videbitis.
928 1184 998 1256 Sed
1029 1187 1129 1262 enim

98 1305 170 1392 illi,
189 1361 193 1371 .
213 1299 443 1401 praedictione
476 1301 544 1371 hac
574 1298 705 1370 iterato.
731 1298 824 1372 facta
852 1299 890 1370 in
917 1303 1128 1377 memoriam

97 1419 290 1508 revocata,
316 1417 406 1504 laeti,
433 1417 510 1488 haec
534 1415 598 1486 fibi
624 1434 827 1512 reputantes
854 1418 998 1511 gloriae,
1023 1420 1128 1493 susci·

101 1539 268 1636 plebane,
286 1528 574 1627 suetiirebantque
592 1537 684 1605 mala
696 1559 784 1605 mox
801 1559 822 1606 a
838 1554 951 1607 morte
972 1535 1128 1610 Christi:

100 1667 257 1749 Quoniam
285 1664 370 1737 digni
399 1660 514 1746 taetri,
522 1658 603 1740 sunt
633 1678 696 1741 pro
725 1662 844 1724 nomine
868 1660 944 1732 Jesu
974 1675 1130 1726 contume-

100 1783 177 1846 liam
197 1782 274 1861 pati
297 1764 347 1858 b).
748 1765 751 1768 ’

174 2006 352 2103 Indignus
384 2024 503 2078 autem
535 2022 609 2078 erat
634 1991 752 2078 ludas.
817 2008 937 2077 Sciebat
969 2017 1008 2080 ab
1037 2015 1132 2079 initio

101 2134 213 2212 Jerus,
241 2139 295 2216 qui
315 2147 411 2196 essem
432 2152 492 2226 nou
513 2135 681 2207 credentes,
707 2143 738 2194 et
763 2133 833 2214 quir
850 2133 1034 2196 traditurus
1062 2151 1136 2194 eum

104 2263 200 2329 esser,
224 2241 409 2335 quodiam
429 2259 513 2313 tunc
532 2241 689 2313 futurum
703 2239 923 2336 ‘praedixerat
944 2236 996 2329 c):
1028 2249 1135 2312 Nonne

103 2387 157 2443 ego
178 2385 238 2427 vos
258 2367 416 2429 duodecim
438 2369 531 2442 elegi:
559 2379 589 2428 et
613 2384 652 2428 ex
677 2367 765 2438 uobis
787 2385 865 2429 unus
892 2361 1032 2428 diabolus
1056 2364 1133 2427 est?

105 2473 350 2545 Nihilominus
377 2472 562 2570 patienter,
576 2500 655 2544 eum
678 2465 777 2559 tulit,
803 2473 971 2569 quodne
996 2471 1131 2544 caeterie

104 2590 299 2665 offensioni
318 2615 393 2662 esse
414 2608 553 2686 posset,
588 2588 626 2659 in
656 2588 779 2662 ultinia
802 2615 928 2674 crena,
963 2596 1131 2678 Egoscio,

103 2707 221 2804 inquit
240 2702 299 2796 d),
327 2735 403 2798 quos
425 2717 578 2792 elegerim,
592 2712 657 2790 fed
676 2728 713 2777 ut
734 2708 941 2795 adimpleatur
948 2711 1134 2794 scripturae

103 2836 166 2920 Qui
180 2834 349 2895 manducat
361 2851 476 2895 mecum
487 2850 621 2913 partem,
641 2832 759 2893 levabit
771 2843 880 2894 contra
896 2850 943 2893 me
956 2831 1133 2892 calcaneum

94 2946 203 3032 suum'.
232 2952 382 3012 Ammodo
395 2951 462 3019 dico
475 2949 583 3026 uobis,
598 2950 784 3030 priusquam
796 2946 858 3025 fiat
873 2957 909 3008 ut
925 2966 993 3009 cum
1003 2947 1134 3025 suatum
1182 3036 1183 3039 Ἴ

96 3069 201 3149 fuerit
215 3069 366 3146 credatis,
380 3069 456 3150 quia
469 3065 610 3146 egosum.
638 3055 693 3128 Sic
708 3055 810 3127 etiam
822 3055 860 3125 in
878 3055 984 3126 horto
1005 3051 1136 3124 dormi·

107 3175 251 3249 entibus
285 3173 485 3272 discipulis,
531 3185 640 3259 Venit‚
680 3168 878 3268 inquire),
916 3180 1018 3241 bora:
1058 3177 1135 3240 Ecce

101 3301 190 3380 filius
215 3302 347 3364 bominis
373 3302 516 3363 tradetur
544 3300 577 3359 in
602 3317 711 3359 manus
730 3310 940 3380 peccatorum.
992 3289 1134 3373 Surgite,

106 3437 235 3484 eamus:
271 3436 352 3494 ecce,
386 3420 442 3500 qui
463 3413 649 3489 metretam,
676 3433 776 3506 prope
801 3424 857 3476 est.
918 3399 1019 3472 Tum
1044 3427 1134 3491 vero

107 3543 260 3620 accepto
283 3524 354 3595 iam
380 3549 401 3596 a
423 3521 606 3619 proditore
630 3521 775 3607 oscu10,
801 3527 891 3600 Jesus
916 3519 1137 3613 itaquesciem

106 3654 241 3727 omnia,
266 3667 330 3732 que
349 3661 484 3712 ventura
500 3659 589 3711 erant
593 3645 693 3726 super
710 3663 778 3707 eum
795 3691 806 3725 ‚
826 3651 975 3727 processit
996 3661 1052 3712 etc.
1068 3636 1134 3730 s).

109 3759 305 3855 Promptus
329 3777 425 3832 ‚tunc
458 3755 575 3828 adhuc
604 3751 816 3850 sequebatur
847 3779 927 3828 cum
954 3755 1138 3853 discipulis

143 3943 260 4023 nem
274 3939 430 4003 erran.
468 3929 566 4014 nae
581 3937 668 4008 reu.
706 3936 788 4013 olo·
805 3939 855 4005 rr.
898 3939 980 4016 nu.
996 3935 1082 3998 eur.
1096 3948 1139 4015 u,
1213 3891 1216 3895 ¹

200 4027 231 4104 e)
245 4025 335 4084 More.
353 4024 434 4090 XIV.
449 4038 494 4097 41.
542 4023 588 4099 f)
604 4021 651 4089 Jr·
670 4021 783 4084 XVIII·
797 4036 826 4096 4·

1115 4128 1203 4289 r
